3116 5050
789 605 948 666 ..76-

356 743 465 804 antem
489 757 503 801 ι
518 735 645 824 paterni
660 737 779 804 favoris
793 735 979 804 affabilitate
993 735 1172 818 blanditus,
1191 759 1205 801 ι
1227 735 1384 804 damiano

356 851 566 939 scripserant,
606 861 749 940 petentes
775 861 811 918 ut
843 850 978 919 Romam
1015 850 1150 934 veniret,
1181 853 1268 920 unde
1294 851 1382 919 Man·
1411 879 1417 882 ·

356 975 446 1032 tuam
466 985 577 1034 secum
591 965 862 1055 proficisceretur.
885 950 942 1033 His
961 965 1049 1033 baud
1061 965 1238 1055 injucunde
1256 987 1382 1035 memo·

356 1089 406 1145 rat
436 1079 550 1146 Petrus
579 1078 686 1146 Solem
717 1089 749 1146 et
768 1079 892 1146 Eurum
912 1079 997 1146 inter
1016 1099 1051 1146 se
1074 1079 1277 1168 disputantes
1309 1092 1383 1148 uter

356 1191 469 1260 viatori
497 1193 699 1283 chlamydem
731 1193 866 1262 auferat.
890 1193 992 1282 Rogat
1011 1204 1121 1262 autem
1151 1207 1187 1260 ut
1216 1214 1289 1262 ase
1313 1194 1380 1282 jam

356 1307 451 1375 effeto
469 1308 550 1391 viro,
583 1309 738 1397 omnique
758 1308 913 1396 dignitate
944 1307 1111 1389 destituto,
1132 1308 1213 1376 nihil
1243 1309 1383 1398 amptius

357 1421 525 1512 exigatur:
550 1446 564 1488 ι
587 1423 644 1512 qui
674 1434 789 1492 cuncta
819 1443 893 1512 quae
924 1434 1029 1492 vestra
1054 1436 1131 1492 sunt
1156 1424 1296 1508 reddidi,
1324 1445 1384 1492 our

356 1539 465 1607 adhuc
481 1538 741 1628 persecutionem
761 1538 895 1628 patior?
917 1563 934 1602 a

400 1655 438 1722 ln
469 1655 640 1722 Mantuana
670 1665 780 1740 autem
818 1653 941 1745 synodo
971 1654 1107 1741 (unnvu)
1137 1652 1182 1741 (t)
1211 1653 1405 1723 damnatus.

356 1768 503 1836 omnium
524 1767 672 1836 unanimi
691 1768 1027 1857 consensugcadatous
1046 1778 1107 1848 est,
1140 1769 1383 1858 Alexanderque

356 1904 440 1972 papa
468 1883 495 1951 ll
523 1883 776 1952 irrevocabiliter
795 1884 1026 1972 proclamatus.
1048 1882 1106 1950 tui
1126 1882 1262 1951 concilio
1281 1883 1383 1952 inter-

356 1998 455 2066 fuisse
473 1999 666 2066 [temanum
692 1999 839 2066 nonnulli
861 1999 1014 2088 suspicati
1029 2008 1128 2084 sunt;
1149 1998 1218 2088 ipse
1246 2021 1323 2068 vero
1349 2022 1383 2069 se

356 2113 443 2182 domi
463 2114 658 2183 remansisse
677 2114 754 2183 satis
773 2125 885 2204 aperte
904 2115 1045 2184 declarat
1066 2113 1128 2204 (d).
1203 2203 1206 2207 Ι

355 2329 359 2354 ³
386 2324 423 2387 (t)
438 2324 507 2374 Ann.
525 2323 588 2376 tuot
602 2325 678 2376 multi
691 2330 749 2390 post
761 2327 903 2378 Baronium
918 2326 1088 2391 scripserunt.
1110 2327 1278 2378 Demonstrat
1295 2330 1382 2377 autem

355 2404 428 2470 Pagi,
441 2405 469 2453 in
482 2403 592 2465 Critiae,
605 2404 673 2454 hanc
684 2405 717 2454 ad
728 2419 788 2456 ann.
802 2405 863 2458 1067
876 2420 934 2457 asse
946 2406 1077 2456 reterend.

386 2485 424 2549 (2)
441 2485 626 2549 Opuso.xxu1,
640 2485 685 2535 Ad
699 2485 777 2537 Alea,
791 2486 830 2537 ΙΙ.
