3116 5050
745 577 896 638 ff5g„

353 713 470 783 Omnes
500 714 539 782 ad
568 713 713 801 regulam
741 721 869 780 revocat
897 709 1084 795 Damianos,
1106 711 1202 778 etiam
1233 732 1331 779 eano-

304 828 408 910 nicos‚
429 828 484 916 qui
512 849 613 916 quum
637 827 727 917 juxta
748 827 899 895 eeclesias
918 827 1036 914 degere
1061 825 1210 910 debeant,
1235 849 1249 890 a
1272 847 1331 913 per

303 942 494 1032 angiportus
525 953 556 1009 et
585 943 805 1011 nundinarum
832 941 986 1010 stationes
1014 941 1190 1010 habitando
1218 962 1329 1008 succe·

303 1061 395 1141 dunt,
417 1058 555 1126 nimium
575 1059 704 1127 suavius
716 1057 912 1148 judicantes,
928 1057 955 1124 si
974 1076 1159 1144 cauponum
1179 1057 1330 1124 tabernas

303 1174 464 1258 olfaciant,
505 1196 601 1263 quarn
645 1175 669 1242 si
711 1173 807 1241 divini
847 1172 996 1240 sacrificii
1035 1171 1180 1261 quotidie
1210 1172 1329 1240 ‘limen

304 1301 430 1373 terant;
453 1290 620 1380 magisque
643 1291 778 1358 delectat
795 1310 850 1357 eos
870 1288 1040 1356 textricum
1059 1307 1210 1377 gynaecea
1235 1305 1331 1355 cons·

303 1403 410 1492 picere
429 1424 528 1492 quam
548 1403 686 1471 coelestis
706 1401 825 1492 eloquii
845 1401 971 1489 paginis
990 1401 1147 1468 incubare
1167 1399 1226 1488 (llss
1246 1425 1262 1462 u

347 1519 384 1586 lu
416 1519 573 1607 opusculo
599 1529 707 1590 autem
732 1503 817 1600 nutv,
840 1518 883 1586 od
912 1516 1137 1585 Aleaandrcm
1166 1515 1208 1584 ΙΙ
1220 1516 1331 1603 ponti-

303 1635 404 1722 ficem,
438 1634 554 1723 probat
591 1633 765 1701 Damianos
795 1633 877 1700 nibil
914 1631 974 1699 sibi
1006 1631 1177 1719 proprium
1208 1631 1330 1698 babere

303 1771 398 1838 posse
424 1749 619 1832 canonicos;
642 1751 696 1816 sed
727 1749 858 1830 debere,
880 1768 982 1836 quum
1004 1746 1185 1830 initiantur,
1215 1757 1332 1814 cuncta

303 1865 528 1932 incommune
553 1865 701 1933 conferre
720 1885 793 1952 quae
814 1862 1012 1952 pauperibus
1036 1882 1102 1929 non
1122 1861 1241 1948 luerint
1266 1863 1332 1928 lar·
1437 1929 1440 1936 ,

303 1978 373 2065 giti.
403 1979 571 2061 Eeontra,
605 1999 664 2045 sua
694 1977 856 2058 retinent;
888 1977 954 2043 imo
975 1975 1161 2044 communia
1191 1974 1330 2062 quisque

231 2149 233 2154 ,
272 2177 273 2181 ¹
304 2093 365 2160 sibi
386 2093 548 2160 vindicare
567 2093 693 2179 satagit.
712 2093 871 2182 Namque,
892 2113 994 2180 quum
1014 2091 1048 2157 in
1076 2091 1188 2178 regula
1208 2090 1332 2157 scriba-

304 2221 378 2276 tur:
411 2211 581 2299 Aeeipioat
611 2211 718 2277 mlum
741 2218 771 2276 et
798 2217 912 2298 potum
939 2217 968 2276 et
993 2208 1229 2289 vestimentem,
1260 2227 1331 2273 rem

306 2327 349 2392 ita
369 2326 624 2414 interpretantur
644 2338 679 2392 ut
701 2349 714 2390 t
739 2325 883 2414 quinque
903 2323 1003 2391 libras
1034 2323 1097 2389 vini
1128 2333 1160 2388 et
1189 2333 1333 2410 quatuor

305 2441 397 2528 panis
419 2463 433 2503 a
456 2440 600 2529 quotidie
619 2440 795 2521 sorbeant;
817 2440 903 2506 unde
922 2437 957 2505 lit
984 2449 1020 2506 ut
1041 2461 1054 2502 a
1079 2457 1144 2504 non
1160 2437 1228 2525 jam
1255 2457 1330 2503 ruc-

305 2567 386 2634 tare,
418 2556 473 2620 sed
505 2575 639 2642 crepare
665 2565 776 2621 venter
808 2564 839 2620 et
865 2552 920 2619 ilia
947 2552 1192 2638 compellantur.
1220 2573 1234 2614 a
1263 2550 1331 2617 Nec

305 2669 362 2735 ista
384 2669 486 2738 satis:
508 2671 579 2738 baec
608 2671 694 2736 enim
715 2670 811 2736 verba
829 2669 861 2734 in
884 2669 1027 2756 regulam
1058 2667 1277 2755 irrepserant:
1297 2666 1331 2732 Ii

304 2807 375 2851 cero
394 2786 451 2874 qui
481 2807 535 2852 aec
554 2787 622 2851 sitis
640 2785 732 2851 rebus
751 2785 931 2867 abundent,
951 2804 1006 2850 nec
1035 2783 1186 2850 Ecclesiae
1215 2781 1331 2848 babeat

300 2901 522 2987 possessiones,
548 2909 577 2968 el
603 2921 757 2988 magnam
776 2900 953 2967 utilitatem
972 2899 1122 2966 Ecclesiae
1149 2897 1328 2984 conseruat,

297 3006 477 3104 'occipiunt
509 3017 546 3083 in
580 3018 732 3083 cononice
765 3015 1015 3104 congregatione,
1036 3015 1157 3081 vietum
1186 3021 1216 3080 et
1234 3013 1331 3080 oesti-

305 3139 450 3198 mentum
467 3141 495 3200 et
514 3133 786 3220 eleemosynarum
803 3139 922 3220 portes.
944 3129 1020 3208 Quis
1049 3143 1157 3196 autem
1184 3149 1217 3194 se
1239 3128 1332 3194 rebus

304 3249 372 3314 setis
395 3247 560 3314 abundare
590 3244 775 3312 existimet?
803 3242 881 3322 Quis
909 3263 1061 3330 mopiam
1088 3261 1152 3308 sese
1182 3239 1334 3306 Ecclesia

303 3364 480 3430 utilitatem
508 3363 650 3448 conferre
680 3379 745 3427 non
775 3358 970 3426 crediderit‘.l
997 3357 1222 3444 Eleemosynas
1255 3375 1333 3441 ergo

306 3479 389 3544 inter
404 3499 438 3545 se
459 3477 693 3566 partiebantur,
716 3473 869 3562 neglectis
889 3471 1101 3562 pauperibus.

351 3593 541 3662 Cobabitent
560 3612 637 3680 ergo
657 3587 817 3668 canonici,
830 3587 911 3655 nibil
930 3586 1128 3676 possideant,
1144 3583 1333 3652 obedientes

306 3710 369 3776 sint
389 3720 420 3777 et
434 3707 564 3796 impigri
580 3728 587 3774 :

585 3891 635 3952 Qui
649 3891 703 3941 vult
716 3903 774 3940 esse
786 3887 943 3950 eanonicus}

584 3962 624 4022 Sit
636 3971 720 4021 bonus
733 3973 759 4019 et
774 3969 897 4029 idoneus3

336 4203 372 4268 (l)
387 4203 482 4266 opusc.
495 4213 579 4260 xxvu,
592 4201 631 4251 De
642 4199 779 4250 communi
794 4199 850 4249 olto
862 4197 1065 4258 canonicorum,
1081 4209 1137 4260 cap.
1150 4193 1174 4244 l.
