3110 5066
770 649 928 712 -34-

338 779 466 850 Ductor.
488 779 541 850 Sic
559 780 702 852 Hilarius
724 781 765 850 ab
785 782 948 854 hilaritate
967 783 1125 856 deductus
1136 806 1145 868 ;
1167 783 1328 858 cadalous
1348 790 1369 857 d

336 897 414 964 codo
430 906 500 974 tae,
531 897 624 988 quasi
649 896 746 968 mina
765 898 878 988 populi
905 899 963 982 sit;
989 898 1037 969 sic
1067 910 1099 970 et
1130 899 1162 969 S.
1190 900 1363 992 Georgius,

335 1013 478 1082 nominis
503 1013 614 1082 habita
641 1013 780 1098 ratione,
811 1013 963 1104 agricolae
981 1025 1213 1106 comparatur.
1238 1017 1274 1086 ln
1293 1040 1365 1089 ser-

335 1149 432 1198 mone
455 1138 563 1198 autem
583 1130 623 1198 de
645 1128 700 1199 SS.
722 1130 920 1221 martyribus
946 1131 1119 1201 Laurentio
1139 1142 1170 1202 et
1190 1133 1364 1223 Pergentio

334 1243 444 1332 legere
463 1252 512 1312 est
533 1265 541 1312 ε
566 1270 581 1305 r
613 1242 684 1312 Non
711 1242 782 1312 sine
804 1245 946 1333 quodam
965 1244 1186 1334 dispositionis
1211 1268 1366 1337 supernae

334 1359 494 1449 praesagio
520 1361 584 1428 tale
615 1359 809 1429 vocabulum
846 1358 950 1428 sortiti
988 1370 1063 1429 sunt
1099 1371 1137 1430 ut
1172 1363 1366 1452 Pergentius
1452 1361 1454 1368 '

331 1475 482 1546 dicantur
501 1485 534 1544 et
547 1475 754 1546 Laurentius.
777 1476 920 1566 Pergunt
938 1476 1026 1546 enim
1055 1486 1194 1569 uterque
1223 1481 1263 1550 ad
1289 1482 1365 1552 lau·

236 1655 243 1665 .
333 1611 437 1660 ream.
463 1615 478 1657 b

378 1706 416 1776 3⁰
439 1709 463 1776 Α
491 1706 658 1797 proposita
689 1705 850 1774 sententia
879 1707 920 1775 ad
941 1706 1037 1776 aliam
1070 1708 1164 1796 plane
1199 1709 1361 1780 diversam

333 1824 529 1915 quandoque
555 1821 731 1891 Damianus
751 1821 854 1890 nimia
872 1822 1023 1892 facilitate
1050 1822 1178 1894 transit.
1208 1826 1363 1897 Consulto

333 1935 485 2026 quidem:
522 1936 643 2004 «Nam
673 1955 776 2024 quum
812 1934 886 2023 quis
917 1934 1102 2024 piscaturus
1131 1932 1312 2026 egreditur,
1336 1939 1363 2007 si

333 2073 428 2122 casus
447 2050 603 2136 attulerit,
613 2051 715 2119 leram
734 2061 868 2139 repente
887 2052 1111 2121 volvolucrem
1124 2045 1221 2143 capit,
1232 2045 1367 2126 etiamsi

333 2168 380 2238 nil
399 2169 438 2237 de
457 2167 628 2237 uenatione
657 2168 705 2234 vel
725 2167 865 2256 aucupio
885 2169 1132 2258 proposuerit...
1154 2168 1235 2248 Quid
1257 2171 1359 2260 igitur

334 2285 457 2354 mirum
477 2285 504 2354 si
524 2283 702 2354 scribentes
720 2284 895 2374 aliquando
919 2286 1007 2375 quod
1026 2295 1169 2378 coeptum
1189 2296 1237 2356 est
1261 2289 1364 2357 inter-

335 2401 494 2472 mittimus
512 2401 585 2490 (bt
608 2424 622 2467 i

381 2625 496 2694 Breues
515 2623 663 2692 Damiani
683 2643 863 2708 sermones,
877 2632 988 2713 utpote
1007 2624 1063 2714 qui
1082 2624 1250 2696 dimidiam
1269 2627 1361 2696 borae

335 2750 461 2831 partem
480 2740 531 2808 vix
556 2761 700 2830 unquam
732 2739 937 2808 excesserint.
960 2740 1083 2808 Dicenti
1113 2765 1128 2808 ι
1155 2743 1272 2810 erectis
1303 2765 1365 2814 au-

336 2857 429 2925 ribus
448 2857 488 2924 ab
509 2856 662 2925 omnibus
683 2855 912 2924 intendebatur
930 2855 989 2945 (l).
1015 2881 1029 2922 i
1058 2856 1158 2926 Erant
1179 2868 1286 2927 tamen
1305 2860 1363 2948 qni

336 2971 552 3052 vellicabant;
573 2972 661 3061 quod
683 2990 769 3060 aegre
788 2972 896 3040 serens
925 2971 1110 3056 Damianus,
1132 2973 1364 3044 obtrectatores

335 3089 475 3159 vicissim
505 3087 750 3178 insequebatur.
775 3115 790 3150 r
822 3086 904 3166 Ouia
929 3098 1044 3156 contra
1067 3089 1220 3172 rusticos,
1242 3089 1361 3180 inquit,

240 3229 242 3232 ·
336 3213 368 3272 et
405 3201 585 3292 imperitos,
611 3223 649 3271 ac
685 3222 819 3291 prorsus
845 3201 1028 3270 litterarum
1065 3202 1196 3292 ignaros
1232 3204 1361 3293 loquor,

337 3317 471 3406 dignum
499 3325 621 3396 estut,
654 3315 701 3384 eis
731 3335 927 3404 congruens,
958 3314 1092 3398 rustice,
1119 3317 1308 3405 proloquar.
1345 3341 1361 3383 i

337 3435 418 3503 Tum
448 3431 679 3522 philosophum
708 3431 800 3499 illum
830 3430 954 3500 inducit
979 3431 1035 3520 qui
1061 3433 1139 3501 dum
1165 3443 1260 3502 nocte
1287 3433 1364 3502 stel-

335 3549 442 3616 larum
468 3565 584 3615 cursus
609 3543 803 3628 considerat,
825 3543 859 3612 in
886 3554 1020 3634 puteum
1047 3545 1199 3614 sordibus
1228 3546 1363 3635 plenum

332 3660 411 3744 ruit,
433 3678 559 3727 necnon
591 3655 662 3745 eJ'us
694 3656 844 3724 ancillam
870 3655 1051 3726 dicentem:
1084 3658 1241 3726 Dominus
1267 3679 1361 3728 meus

334 3775 507 3866 ignorabat
524 3784 667 3842 stercora
685 3793 759 3861 quae
777 3772 837 3840 sub
853 3771 923 3861 ejus
942 3773 1080 3862 pedibus
1100 3756 1244 3858 erant‚et
1264 3794 1362 3844 nosse

335 3889 480 3959 tentabat
498 3886 616 3955 sidera.
642 3912 657 3946 α
679 3883 748 3954 Hoc
774 3885 884 3975 itaque
903 3886 1000 3955 modo
1024 3885 1060 3954 tit
1085 3885 1119 3954 in
1145 3886 1259 3956 diebus
1285 3907 1361 3958 nos·

333 4001 392 4070 tris
422 4010 458 4069 ut
489 3997 602 4068 rustici
628 4007 661 4064 et
689 3996 879 4086 insipientes
911 3997 1046 4088 quique,
1074 3997 1131 4088 qui
1168 3997 1250 4067 nibil
1272 4020 1358 4088 pene

365 4215 403 4280 (1)
418 4213 514 4278 Opusc.
527 4224 584 4277 xix,
595 4223 652 4275 cap.
664 4209 688 4260 4.

362 4295 401 4363 (ἢ)
421 4294 483 4345 Vita
491 4291 568 4344 Petri
581 4291 674 4355 Dum,
689 4302 737 4355 per
747 4289 876 4342 loannem
888 4303 970 4354 mom,
984 4302 1042 4354 cap.
1052 4301 1096 4342 xv.
1212 4361 1214 4368 γ
