3116 5050
642 619 801 680 -71-

209 768 323 836 copus,
359 771 451 820 suam
485 751 519 818 in
549 751 752 822 Cluniacensi
784 753 981 822 monasterio
1012 755 1236 824 auctoritatem

208 861 399 932 inconcusse
430 861 574 934 stabilire
604 887 777 955 aggressus
807 877 866 936 est.
902 868 1008 948 Quare
1035 875 1236 938 armatorum

187 977 381 1048 comitante
400 991 539 1064 caterva,
561 983 600 1049 ad
621 981 652 1050 S.
672 967 784 1072 Mayoli
803 983 972 1052 ecclesiam
993 986 1145 1072 perrexit,
1163 1006 1236 1053 ora·
1314 985 1318 993 “

208 1091 330 1161 tionem
350 1095 533 1164 habiturus.
556 1098 702 1165 Monaobi
723 1091 832 1167 autem
851 1109 940 1168 tanta
951 1100 1128 1189 pertinacia
1141 1101 1238 1174 obsti·

209 1216 289 1288 tere,
311 1217 347 1274 ut
366 1208 549 1298 episcopm,
576 1221 695 1279 tentato
723 1200 941 1300 nequicquam
967 1212 1102 1300 impetu,
1135 1223 1240 1296 retro„

208 1323 323 1394 cedere
343 1335 473 1415 coactus
493 1309 533 1392 sit
553 1326 613 1414 (l).

254 1436 315 1505 Sedw
336 1439 375 1506 de
395 1437 460 1522 illa,
482 1461 556 1528 quae
579 1439 640 1508 sibi
671 1440 839 1508 videbatur
870 1441 989 1530 injuria
1019 1442 1238 1512 cluniacensis

209 1551 309 1620 abbas
329 1553 543 1622 'vehementer
573 1555 606 1621 in
638 1555 775 1624 concilio
805 1568 938 1644 questus
971 1567 1030 1624 est.
1066 1557 1238 1626 Nonnullis
1305 1555 1332 1580 ²

209 1679 319 1736 autem
338 1689 469 1736 causam
492 1680 556 1737 tam
575 1670 712 1738 celebris
733 1670 921 1738 monasterii
932 1683 1043 1760 aperte
1057 1672 1235 1756 tuentibus,
1260 1762 1262 1768 ,

167 1859 174 1868 .
209 1783 243 1850 P.
266 1783 453 1867 Damianus,
475 1784 549 1853 licet
579 1795 671 1854 aetate
691 1787 808 1874 gravis,
830 1808 865 1854 se
885 1807 922 1855 ea
954 1789 993 1855 de
1024 1809 1121 1856 causa
1151 1789 1239 1876 lega·

210 1897 331 1967 tionem
350 1899 384 1965 in
402 1899 537 1968 Galliam
557 1912 785 1991 suscepturum
806 1903 974 1992 proposuit
993 1903 1050 1990 (A).

252 2015 374 2082 Annuit
392 2016 582 2100 Alexander,
604 2016 763 2106 Petroque
782 2018 945 2086 mandavit
965 2028 1000 2085 ut
1030 2039 1099 2086 rem
1131 2019 1232 2102 illam,

209 2129 308 2198 simul
327 2139 358 2198 et
377 2140 522 2214 caeteras
556 2131 582 2199 si
615 2153 688 2220 quae
719 2142 786 2199 tum
818 2133 850 2200 in
882 2133 991 2201 Galliis
1019 2134 1234 2228 agitarentur,

208 2240 409 2306 decerneret.
423 2237 626 2328 Quapropter
645 2241 768 2307 litteras
788 2243 828 2308 ad
848 2241 1054 2322 Remensem,
1069 2241 1235 2308 Senonen-

209 2373 292 2433 sem,
339 2351 575 2434 Turonensem,
614 2351 861 2436 bituricensem,
908 2353 1235 2442 Burdigalensemque

208 2465 471 2556 archiepiscopos
490 2467 617 2550 direxit,
637 2467 807 2556 inquibus
827 2467 999 2556 magnilica
1019 2471 1057 2535 de
1078 2469 1233 2536 Uanniano

207 2579 363 2668 loquitur.
388 2603 403 2642 o
429 2577 588 2657 Quoniam
608 2579 757 2668 pluribus
781 2579 993 2647 ecclesiarum
1012 2579 1149 2666 negotiis
1180 2601 1235 2648 oc-

177 2767 181 2774 ,
207 2692 328 2780 cupati,
350 2693 389 2758 ad
409 2713 464 2760 vos
483 2692 593 2759 venire
610 2712 675 2759 non
694 2713 879 2782 possumus,
902 2691 998 2759 talem
1019 2692 1108 2760 vobis
1128 2693 1233 2760 virum

207 2807 370 2875 destinare
399 2805 583 2874 curavimus
607 2822 671 2896 quo
702 2807 859 2896 nimirum
889 2818 961 2895 post
985 2827 1044 2874 nos
1074 2806 1180 2896 major
1198 2809 1231 2874 in

208 2923 354 2990 Romana
374 2921 516 2990 Ecclesia
534 2921 709 2990 auctoritas
729 2942 794 2988 non
821 2923 972 3004 habetur,
994 2922 1124 2990 Petrum
1145 2923 1231 2990 vide-

207 3038 282 3106 licet
308 3037 590 3125 Damianum,'qui
609 3037 764 3104 nimirum
798 3048 828 3104 et
848 3049 958 3104 noster
989 3048 1036 3104 est
1065 3039 1179 3106 oculus
1199 3050 1231 3107 et

207 3151 398 3240 Apostolicae
428 3151 518 3220 Sedis
548 3151 713 3219 immobile
742 3151 994 3218 firmamentum.
1012 3150 1095 3218 Huic
1119 3151 1229 3240 itaque

122 3271 128 3284 '
207 3267 307 3337 vicem
337 3277 482 3337 nostram
512 3268 608 3356 pleno
634 3265 709 3356 jure
739 3265 975 3348 commisimus,
1004 3276 1040 3333 ut
1070 3266 1226 3356 quidquid

206 3385 240 3453 in
278 3385 342 3453 illis
379 3383 540 3474 partibus
563 3383 627 3451 Deo
654 3382 826 3450 auxiliante
860 3381 1018 3464 statuerit,
1046 3381 1090 3450 ita
1119 3392 1240 3450 ratum

206 3507 355 3567 teneatur
374 3507 406 3566 ct
423 3497 556 3564 firmum
572 3517 609 3565 ac
628 3496 654 3564 si
675 3495 805 3584 speciali
826 3495 928 3563 nostri
954 3495 1109 3563 examinis
1129 3495 1227 3563 luerit

205 3611 364 3684 sententia
383 3613 626 3703 promulgatum
648 3609 712 3700 (3).
738 3635 752 3674 i

246 3726 325 3796 Cum
365 3727 502 3814 Hugone
532 3723 632 3813 igitur
655 3723 828 3820 Damianos
847 3721 1011 3812 proiectus
1030 3733 1090 3805 est,
1123 3721 1224 3790 comi-

231 3993 268 4058 (l)
284 3992 432 4058 Synodalie
451 3991 571 4055 definitio
589 3990 662 4040 inter
677 3990 710 4040 D.
731 3987 874 4052 Httponem
892 3989 981 4038 abbat.
1002 3987 1137 4050 Cluniae,
1151 3994 1178 4037 et
1189 3987 1222 4037 D.
1249 4043 1251 4048 ,

198 4073 352 4139 Drcqorwm
363 4071 441 4136 episc.
453 4069 593 4121 Matiscon.
604 4067 652 4132 (Ex
664 4068 726 4120 bibl.
742 4068 869 4139 Cluniae.)

228 4153 263 4219 (A)
279 4153 361 4217 Ittd,
376 4155 403 4202 et
413 4151 484 4202 Petri
496 4151 580 4214 Dam,
593 4141 667 4216 epist.
682 4162 718 4212 vr,
731 4147 748 4198 A
759 4153 786 4199 et
796 4148 820 4199 5.

230 4233 268 4300 (3)
283 4231 423 4284 Alexandri
434 4232 467 4296 11,
480 4232 554 4298 epist.
566 4231 608 4283 nt.
