3110 5066
645 596 684 608 ..
705 561 743 624 M
766 597 806 610 ..

248 697 410 786 Stephano
430 695 554 764 interea
573 703 773 765 successerat
791 693 945 766 Nicolans
966 694 994 763 ll
1014 695 1158 784 (untur),
1181 695 1238 785 qui

205 809 292 878 circa
311 809 535 877 reformandos
553 807 749 877 clericorum
767 827 887 890 mores,
920 806 1109 897 Sanctaeque
1143 806 1235 876 Sedis

204 924 429 994 auctoritatem
445 923 568 1014 ubique
587 923 845 994 confirmandam
859 944 934 993 cum
950 923 1113 1014 Stephano
1128 924 1240 992 Hilde·

204 1041 395 1130 brandoque
415 1040 547 1109 omnino
573 1049 790 1110 consenserat.
818 1039 947 1108 Veritus
975 1049 1083 1109 autem
1119 1060 1160 1108 ne
1192 1049 1238 1107 tot

205 1157 409 1225 sacerdotum
428 1155 721 1245 episcoporumque
740 1155 838 1224 vitam
857 1176 895 1224 ac
922 1154 1142 1224 ministerium
1174 1176 1237 1243 pu·
1336 1201 1339 1206 ·

205 1271 290 1340 blica
304 1270 465 1340 sententia
478 1271 716 1354 dehonestaret,
731 1269 904 1358 negotium.
915 1269 1072 1338 Damiano
1085 1271 1174 1339 dedit
1185 1280 1234 1350 ut,

206 1383 316 1452 omnia
336 1374 475 1452 discreto
494 1391 728 1473 mansuetoque
749 1383 857 1451 animo
877 1382 1065 1467 concilians,
1088 1382 1175 1472 ipsos
1195 1383 1234 1451 ad

207 1498 355 1582 meliora,
377 1499 404 1566 si
423 1498 508 1567 foret
525 1497 691 1588 possibile,
713 1500 894 1568 reduceret.

252 1613 382 1703 incepto
401 1614 502 1683 tristis
522 1613 636 1683 exitus.
658 1614 834 1683 Damianus
854 1614 941 1682 enim
959 1615 1023 1684 hoc
1041 1615 1074 1682 in
1106 1615 1237 1704 negotio

207 1738 358 1818 expertus
395 1739 444 1797 est
480 1730 566 1819 quod
601 1729 721 1819 saepius
756 1729 789 1797 in
822 1730 951 1820 synodis
982 1730 1044 1799 sibi
1079 1731 1234 1799 accidisse

206 1842 378 1933 queritur:
415 1867 429 1910 r
463 1845 546 1912 Reos
577 1843 698 1912 scilicet
730 1863 795 1912 non
829 1853 955 1926 tantum
987 1843 1049 1912 sibi
1079 1843 1165 1911 'nihil
1195 1843 1237 1912 ti·

206 1969 343 2042 mentes,
365 1961 421 2028 sed
441 1959 599 2029 etiamad
619 1959 760 2028 aliorum
779 1959 902 2049 flagitia
920 1957 1236 2050 defendendaimpu'-

208 2077 324 2144 denter
343 2076 504 2145 accinctos
524 2075 581 2165 (l).
607 2099 622 2142 a

253 2193 395 2260 Tentatae
412 2191 646 2261 conciliationis
664 2191 824 2260 rationem
844 2191 988 2281 pontifici
1007 2190 1148 2260 reddidit
1173 2191 1233 2280 (b).

209 2331 223 2373 r
265 2307 377 2396 Nuper
412 2307 537 2376 babens
574 2327 650 2376 cum
686 2307 852 2376 nonnullis
895 2306 1068 2396 episcopis,
1113 2307 1234 2376 Vestrae

206 2423 380 2510 Majestatis
417 2423 608 2492 auctoritate
644 2423 856 2512 colloquium,
889 2422 1008 2491 sanctis
1039 2443 1154 2491 eorum
1187 2424 1233 2492 le-

206 2536 354 2604 moribus
372 2537 459 2605 volui
479 2558 568 2605 seras
598 2557 774 2626 apponere,
808 2536 927 2605 tentavi
957 2535 1153 2626 genitalibus
1182 2557 1234 2604 sa·

205 2653 387 2735 cerdotum,
426 2661 461 2720 ut
498 2652 542 2720 ita
580 2653 706 2740 loquar,
746 2651 955 2721 continentiae
991 2652 1107 2720 fibulas
1140 2651 1233 2720 adbi-

207 2766 287 2835 bere
309 2766 411 2857 (3).)

251 2881 328 2961 Quae
351 2903 404 2950 res
422 2882 568 2966 minime,
589 2882 710 2971 duplici
735 2883 867 2972 quidem
893 2883 1030 2967 ratione,
1053 2884 1231 2953 successit:

210 3021 224 3063 ‹
258 2997 368 3066 Primo
401 2998 477 3087 quia
506 2998 671 3087 fastigium
700 2999 855 3068 castitatis
885 3001 1044 3088 attingere
1074 3021 1108 3068 se
1138 3021 1233 3089 posse

207 3114 400 3202 desperant;
422 3113 538 3182 deinde
557 3113 634 3204 quia
654 3115 798 3204 synodali
815 3136 850 3182 se
864 3116 1050 3204 plectendos
1069 3137 1140 3185 esse
1159 3137 1234 3184 sen·

206 3229 319 3312 tentia,
341 3239 475 3319 propter
493 3230 629 3298 luxuriae
647 3229 759 3298 vitium
773 3231 1034 3300 nonlormidant.
1055 3232 1233 3300 »Romana

206 3343 294 3411 enim
313 3343 455 3412 Ecclesia
477 3367 491 3409 r
514 3345 554 3412 de
579 3344 771 3414 clericorum
803 3344 937 3413 libidine
966 3355 1101 3434 propter
1131 3345 1233 3413 insul·

207 3459 363 3527 tationem
383 3459 579 3528 secularium
597 3459 795 3529 conticescit.
822 3483 837 3526 ›
859 3460 1025 3528 lmmerito
1044 3481 1145 3544 sane;
1169 3485 1182 3527 r
1206 3459 1233 3529 si

207 3575 296 3643 enim
315 3575 437 3644 malum
457 3575 519 3645 boc
544 3586 629 3644 esset
660 3577 834 3659 occultum,
866 3576 973 3646 suerat
1006 3577 1151 3646 fortassis
1181 3587 1232 3645 ut-

236 3797 272 3859 (l)
288 3795 383 3859 opusc.
396 3808 445 3859 ΧΗ,
457 3810 515 3861 cap.
524 3796 565 3847 31.

236 3875 270 3941 (2)
285 3875 381 3940 Opusc.
393 3888 458 3939 xvrr,
469 3876 509 3927 De
520 3878 637 3928 celibatu
648 3877 828 3952 sacerdotum.

236 3955 272 4021 (3)
287 3957 360 4006 Inter
380 3958 525 4008 cervicosos
542 3951 713 4008 Lombcrdice
731 3958 868 4008 antistites
887 3959 1073 4019 inscribuntur,
1093 3972 1154 4008 cum
1170 3958 1233 4010 Gui-

202 4035 271 4086 done
291 4036 487 4101 Mediolanensi,
502 4037 680 4102 Taurinensis,
694 4038 822 4100 detensis,
840 4039 970 4102 Albensis,
982 4039 1166 4102 Vercellensis,
1178 4040 1232 4090 No-

200 4115 337 4178 variensis,
357 4115 507 4180 Brixiensis‚
529 4117 680 4180 baladensis,
697 4117 725 4166 in
740 4117 801 4168 Vita
817 4118 904 4168 Nicol.
917 4119 958 4182 11,
970 4133 1011 4183 ap.
1025 4119 1128 4169 nmen
1139 4120 1228 4170 Italic.

201 4197 306 4260 script,
318 4198 338 4246 t.
351 4195 397 4260 111,
408 4195 470 4260 'pars
484 4208 502 4261 1,
515 4211 542 4261 p.
558 4196 615 4248 300.
897 4195 900 4202 ⁴
