3116 5050
228 1957 381 2021 Episcopatu
392 1971 421 2007 se
434 1957 574 2008 Damianos
587 1957 697 2008 abdicat,
713 1984 743 1995 -
756 1957 865 2008 Obsistit
875 1957 1074 2008 Hildebrandos.
1089 1985 1115 1995 -
1128 1956 1253 2016 Quanam

256 2036 364 2086 Petrum
382 2037 450 2086 inter
464 2041 490 2087 et
508 2037 713 2087 Hildebrandum
731 2036 845 2086 amicitia
866 2035 952 2085 fuerit.
969 2060 997 2072 -
1012 2035 1110 2096 Quibus
1122 2035 1153 2085 de
1168 2034 1253 2086 causis

255 2117 366 2166 voluerit
377 2116 520 2168 Damianos
527 2117 703 2185 episcopatum
716 2116 858 2180 deponere.
869 2143 895 2152 -
906 2115 1054 2166 Assentitur
1065 2115 1210 2166 Alexander
1219 2114 1251 2164 ΙΙ.

255 2224 286 2234 -
297 2197 456 2247 Florentiam
466 2196 607 2248 Damianos
619 2197 739 2247 mittitur.

269 2411 392 2480 Invitus
410 2409 645 2499 episcopatum,
667 2420 873 2498 coactusque,
895 2419 931 2478 ut
957 2430 1057 2498 sopra
1088 2429 1252 2477 memora-

226 2527 343 2609 vimus,
382 2526 558 2594 Damianos
591 2537 789 2614 susceperat,
826 2536 937 2615 utpote
967 2525 1016 2592 vir
1046 2546 1252 2614 summopere

227 2642 344 2735 quietis
364 2653 396 2710 et
421 2641 604 2710 solitudinis
634 2662 758 2710 amans.
794 2641 900 2721 Quare
925 2640 1075 2708 defuncto
1106 2641 1154 2706 vix
1184 2641 1252 2709 Ste-

223 2757 331 2844 phano
352 2758 405 2839 IX,
427 2758 647 2846 episcopatum
668 2759 830 2848 deponere
850 2757 969 2824 statuit.

268 2873 348 2940 Tom
370 2873 516 2940 introsus
536 2873 570 2940 in
590 2872 804 2960 Apostolicam
825 2872 941 2940 Sedem
962 2872 1152 2940 Benedictus
1187 2871 1250 2954 lX;

223 2989 359 3056 Romam
379 2989 560 3056 cardinales
586 2988 771 3075 relinquere
803 2987 927 3069 coacti;
962 2988 1082 3055 electos
1112 2987 1253 3076 denique

227 3101 391 3182 Nicotaus,
414 3102 470 3190 qui
496 3120 563 3167 non
588 3099 650 3167 nisi
670 3121 755 3168 anno
785 3099 933 3187 sequenti
965 3102 1070 3189 (unx)
1100 3101 1251 3189 januario

223 3231 348 3294 mense,
388 3211 525 3278 Romam
563 3210 688 3298 ingredi
721 3209 837 3298 potuit.
876 3209 922 3276 Ab
953 3230 991 3276 eo
1027 3209 1074 3278 sic
1104 3209 1251 3277 exulante

223 3325 399 3393 liamianos
418 3325 602 3414 impetravit
620 3335 666 3408 ot,
689 3327 728 3392 ad
742 3336 870 3413 tompus
884 3324 1030 3414 deposito
1046 3325 1252 3413 episcopatus

223 3455 334 3521 onere,
358 3440 397 3507 ad
417 3439 565 3506 dilectum
585 3439 696 3506 Fontis
716 3437 858 3506 Avellani
877 3437 1085 3505 solitudinem
1105 3439 1166 3506 sibi
1199 3459 1251 3505 re-

224 3555 342 3642 pedare
379 3556 503 3622 liceret.
535 3552 604 3631 Quo
634 3574 737 3641 quum
768 3554 978 3640 pervenisset,
1013 3556 1051 3621 od
1085 3574 1250 3622 summum

218 3669 432 3758 permanendi
452 3669 614 3736 licentiam
635 3673 826 3757 deprecatos
846 3679 905 3736 eet.
930 3693 944 3734 o
968 3669 1046 3737 Ecce
1067 3669 1155 3736 enim
1184 3670 1250 3760 jam

218 3785 306 3852 oculi
343 3785 493 3872 caligant,
533 3795 565 3851 et
603 3784 696 3851 solito
717 3784 870 3872 'amplios
903 3784 1065 3871 flegmatis
1096 3787 1249 3852 humores

217 3901 395 3967 abundant.
418 3901 519 3987 Rogae
539 3900 680 3967 subeunt
707 3907 738 3966 et
768 3899 912 3966 dentium
943 3899 1071 3966 ruinam
1104 3900 1249 3988 gengivae

215 4015 393 4098 mipantor.
416 4015 519 4103 Caput
537 4015 689 4104 denique,
712 4016 797 4102 quod
820 4015 909 4082 canis
928 4015 1084 4084 hactenus
1111 4037 1244 4105 sparge·

215 4130 322 4211 batur,
344 4151 465 4221 cygneo
481 4131 549 4219 jam
580 4130 691 4208 albore
723 4128 869 4212 nivescit,
903 4151 962 4198 vox
993 4131 1111 4213 raucit,
1138 4132 1239 4200 virtus

215 4243 333 4326 delicit,
357 4253 388 4309 ot
408 4241 494 4309 heu!
517 4243 600 4331 proh
619 4241 733 4310 dolori
756 4242 878 4310 soloin
897 4263 950 4311 me
976 4243 1130 4312 vitiorum
1158 4244 1249 4313 radix
