3116 5050
610 666 652 690 -.
669 632 718 707 cd
731 677 773 692 ..

175 793 273 842 suum
292 774 384 844 ltalia
403 777 501 845 decus
521 786 655 866 repente
674 775 879 866 perdidisset.
901 801 918 841 «
952 775 1024 845 Heu
1050 775 1125 844 mel
1148 795 1207 844 cur

174 889 285 960 itineri
304 901 409 960 vestro
427 913 540 961 vecors
560 913 598 960 ac
623 893 758 961 stolidus
777 913 945 962 assensum
960 891 1149 981 praebuil...
1171 891 1208 958 ln

176 1006 273 1074 vestri
294 1009 389 1094 plane
418 1028 566 1076 recessus
585 1009 731 1076 absentia
751 1019 869 1076 moeret
891 1009 996 1076 Roma
1015 1017 1046 1075 et
1061 1007 1095 1074 B.
1119 1005 1207 1075 Petri

172 1121 262 1208 luget
291 1121 443 1204 Ecclesia,
465 1133 496 1191 ct
529 1133 595 1190 tota
624 1144 683 1210 per
709 1134 836 1192 sanctos
864 1123 951 1191 viros
968 1143 1022 1214 ac
1049 1122 1206 1190 mulieres

173 1236 371 1306 lamentatur
404 1239 584 1307 Ecclesia...
621 1239 793 1308 Revertere
825 1239 926 1327 igitur·
954 1237 1091 1305 Ilomina
1123 1258 1206 1321 mea,

176 1362 351 1435 revertere,
365 1362 461 1442 teque
480 1353 665 1442 lugentibus
686 1353 832 1450 festivam
852 1355 951 1422 redde
971 1351 1129 1436 laetitiam,
1150 1351 1207 1442 qui

176 1463 363 1532 rutilantem
394 1465 467 1535 coeli
486 1487 649 1554 gemmam
669 1469 708 1535 de
728 1467 833 1556 capite
854 1468 967 1536 mundi
994 1469 1097 1537 Roma
1126 1487 1207 1554 quo-

175 1580 348 1648 dammodo
367 1581 534 1669 ploramus
554 1583 698 1651 avulsam
712 1581 771 1668 (l).
798 1605 812 1647 ›

221 1811 398 1900 Incipiente
425 1801 510 1880 vero
532 1832 618 1880 anno
652 1829 772 1894 unxxu,
804 1833 921 1881 novam
959 1812 999 1880 ab
1027 1811 1208 1901 Apostolico

177 1927 352 1995 Damianos
384 1927 576 2017 legationem
610 1927 722 2016 jussus
753 1937 801 1995 est
821 1927 1011 2017 suscipere.
1045 1927 1208 1996 Henricus

179 2042 279 2127 enim,
321 2043 487 2112 Ravennae
520 2043 796 2131 archiepiscopus,
832 2042 969 2111 Gadaloo
1001 2042 1209 2132 pertinaciter

179 2157 383 2240 adhaeserat;
404 2179 506 2246 quare
536 2157 694 2226 indictum
722 2157 752 2223 ei
782 2150 965 2224 anathema.
981 2157 1209 2225 Excommuni·

179 2272 241 2340 cati
271 2293 400 2361 quoque
428 2250 642 2356 ¹Ravennates,
663 2271 899 2360 archiepiscopi
926 2283 1032 2360 partes
1056 2271 1205 2361 amplexi.

177 2386 248 2456 lam
267 2390 307 2456 ad
328 2390 542 2456 Alexandrum
562 2388 588 2456 ll
610 2389 783 2476 scripserat
802 2373 978 2455 Damianos
997 2397 1034 2454 ut
1053 2386 1207 2469 Henrico,

178 2505 375 2593 populoque,
408 2505 492 2572 sicut
519 2505 595 2571 olim
628 2505 825 2587 decreverat,
848 2503 1049 2590 ignosceret;
1084 2501 1209 2568 uindi-

178 2639 279 2706 gnum
301 2619 421 2710 quippe
441 2630 500 2704 est,
523 2619 640 2709 inquit,
662 2629 698 2686 ut
717 2627 850 2706 propter
869 2618 967 2685 unius
980 2615 1208 2685 homuncionis

179 2735 347 2818 offensam,
369 2747 433 2802 tam
454 2733 700 2803 innumerabilis
719 2733 887 2801 hominum
909 2733 1082 2800 multitudo
1109 2733 1209 2820 depe-

178 2860 248 2918 reat
267 2849 363 2938 (dlp
809 2857 813 2864 ·

222 2964 309 3030 Nihil
332 2963 409 3030 vero
445 2971 523 3031 tunc
555 2961 749 3050 impetravit.
789 2961 949 3028 Henricus
987 2980 1073 3027 anno
1106 2977 1206 3044 uuxx,

179 3079 429 3168 primoquidem
442 3077 587 3167 januarii
604 3077 667 3159 die,
683 3077 804 3165 absque
819 3075 1024 3143 absolutione
1037 3075 1209 3141 defunctus

180 3205 240 3262 est.
262 3195 334 3262 Non
353 3194 474 3262 mirum
494 3194 580 3282 quod
600 3194 631 3261 S.
656 3192 809 3273 Pontifex,
831 3191 952 3279 populo
972 3189 1208 3277 providendum

179 3319 283 3392 ratus,
297 3312 335 3378 ad
352 3330 424 3377 eam
437 3330 505 3378 rem
519 3309 738 3397 peragendam
757 3306 949 3392 [lamiarum
970 3303 1078 3391 elegit,
1101 3303 1208 3370 virum

180 3445 297 3514 nempe
310 3426 613 3514 prudentissimum,
625 3423 910 3504 humanissimum,
922 3411 1075 3507 ipsum'et
1087 3419 1208 3486 Raven-

180 3551 302 3614 natem.
323 3537 383 3616 Qui
399 3529 527 3606 summo
541 3537 659 3626 gaudio
673 3557 692 3603 a
706 3535 829 3602 civibus
846 3543 1010 3620 exceptus,
1025 3553 1092 3615 eos,
1107 3532 1210 3620 impo-

182 3656 243 3723 sita
262 3654 464 3743 poenitentia,
483 3651 826 3721 excommunicationis
838 3649 966 3716 uinculo
986 3647 1134 3714 liberavit
1148 3646 1206 3735 (3).

206 3768 341 3852 Quum,
362 3769 522 3856 legatione
542 3769 683 3850 iunctus,
705 3768 743 3832 ad
764 3763 897 3854 propria
924 3763 1058 3844 rediret,
1087 3761 1209 3829 Faven-

178 3883 242 3969 tiae,
265 3885 299 3952 in
315 3885 349 3952 B.
372 3884 480 3952 Mariae
508 3883 717 3964 monasterio,
741 3880 831 3950 iebre
855 3888 1023 3966 correptus
1042 3876 1207 3959 occubuit,

210 4106 248 4168 (l)
264 4106 335 4155 Petri
348 4104 433 4170 Dum„
444 4106 518 4169 epist.
532 4115 578 4168 vn,
592 4104 617 4154 8.

211 4187 247 4250 (d)
263 4187 334 4236 Petri
346 4187 432 4249 Dalm,
447 4185 523 4249 epist.
536 4199 555 4248 1,
568 4183 609 4234 14.

211 4265 250 4332 (3)
270 4267 331 4316 Vite
345 4265 379 4315 B.
391 4265 467 4314 Petri
480 4265 571 4327 Dum,
588 4275 645 4328 oep.
657 4259 698 4312 21.
