3116 5050
630 620 791 683 ..45-

197 753 381 845 episcopus,
406 753 441 823 in
459 753 576 825 litteris
601 756 642 825 ad
669 755 798 845 [ilerum
817 755 1042 847 Populumque
1072 755 1225 825 llediola-

195 871 306 940 nensis
335 869 497 957 Ecclesiae,
526 871 647 962 duplici
677 892 749 942 sese
779 872 969 942 solemniter
1001 873 1220 964 promissione

198 985 391 1056 obstrinxit:

242 1103 275 1170 l⁰
297 1101 523 1173 Ordinationes
541 1104 611 1173 lore
629 1104 782 1194 deinceps
800 1103 982 1194 gratuitas3

243 1217 280 1285 2⁰
303 1219 375 1289 Non
393 1219 600 1310 presbyteros
629 1221 739 1304 modo,
770 1220 828 1288 sed
853 1230 886 1289 et
915 1219 1068 1290 diaconos
1086 1230 1118 1289 et
1147 1220 1226 1290 suh-

199 1333 353 1404 diaconcs
386 1337 589 1406 chunorum
618 1346 652 1404 et
687 1336 946 1405 concubinarum
971 1336 1135 1406 consortio
1172 1357 1226 1406 ar-

199 1452 331 1520 cendos.

243 1568 281 1634 ln
324 1568 481 1636 alterutro
525 1566 789 1658 delinquentibus
827 1568 995 1637 decretum
1036 1569 1224 1638 anathema.

200 1702 215 1745 r
239 1679 448 1749 Postmodum
474 1681 631 1750 accedens
651 1680 722 1770 ipse
750 1680 1017 1770 archiepiscopus
1036 1693 1112 1750 ante
1131 1697 1226 1751 sanc-

198 1805 268 1864 tum
285 1797 400 1882 altare,
420 1797 718 1888 praesentedomno
737 1795 885 1882 Lucensi,
898 1795 1020 1886 juravit
1040 1797 1075 1865 in
1092 1818 1227 1866 manum

197 1932 305 1980 meam
333 1912 467 1982 dicens:
489 1913 529 1983 Se'
560 1913 625 1983 haec
650 1914 688 1982 de
717 1912 906 1982 Siawaecec
934 1921 963 1982 et
988 1912 1228 1982 Nicolaitcrem

198 2022 313 2093 haered
330 2026 465 2094 delendo
482 2035 512 2095 et
529 2027 681 2113 [caditur
707 2027 901 2094 destraceada
924 2026 1062 2114 fideliter
1091 2047 1156 2094 eoa
1174 2028 1227 2094 ob-

197 2161 374 2220 servavero,
403 2144 442 2211 ed
471 2143 683 2232 omnipotenti
709 2135 774 2212 Deo
799 2150 828 2210 et
854 2143 1002 2210 omnihus·
1025 2143 1145 2211 sciretis
1163 2144 1228 2210 sam
1288 2225 1290 2230 Ι

197 2259 488 2327 eacommcec'cctcs
518 2267 548 2328 et
578 2259 883 2342 anathematizatus,
903 2266 932 2326 et
959 2257 998 2326 cd
1016 2258 1107 2325 omni
1124 2257 1228 2325 claria-

199 2372 363 2442 licitorum
382 2376 537 2444 consortio
555 2376 706 2444 iaceretur
724 2375 864 2443 ulmeae.

246 2515 260 2557 c
288 2490 442 2560 Similiter
466 2504 497 2560 et
522 2491 764 2575 vicedominus,
789 2500 821 2558 et
844 2489 1063 2560 Cancellarius
1091 2489 1174 2581 ejus,
1196 2500 1228 2559 et

199 2628 313 2676 omnes
331 2607 386 2676 alii
416 2609 473 2698 qui
493 2609 628 2677 aderant
650 2607 772 2692 clerici,
793 2627 910 2676 manus
931 2628 1007 2676 snas
1036 2607 1071 2674 in
1091 2627 1226 2675 manum

198 2745 308 2794 meam
321 2726 492 2810 dederunt,
514 2737 547 2793 et
583 2725 653 2794 haec
677 2709 791 2793 eadem
831 2723 1170 2793 excommunicationis
1195 2733 1227 2792 et

198 2841 413 2910 anathematis
430 2842 529 2911 verba
547 2842 708 2911 dixerunt.
734 2864 748 2907 a

243 2957 312 3036 Quo
337 2958 433 3042 lecto,
454 2957 731 3047 archiepiscopus,
764 2955 858 3024 humi
884 2966 1067 3046 prostratus
1097 2955 1224 3046 injungi

198 3073 262 3141 sihi
291 3073 516 3164 poenltentiam
545 3076 749 3164 deprecatur.
782 3074 874 3142 Hanc
904 3083 1043 3142 centum.
1063 3093 1227 3142 annorum

199 3190 376 3258 Damianus
403 3190 531 3274 indidit,
560 3189 692 3280 praefixa
720 3189 881 3280 poecuniae
900 3209 1028 3258 summa
1052 3189 1226 3279 quotannis

199 3304 436 3402 redimendam.
457 3303 579 3372 duravit
598 3314 710 3393 postea
736 3303 1014 3393 archiepiscopus,
1030 3302 1065 3370 in
1084 3303 1226 3372 Ecclesia

199 3418 326 3510 hlajcri,
358 3440 468 3488 eoram
495 3420 629 3510 populo,
661 3418 756 3509 cujus
786 3419 926 3488 maxima
947 3439 1023 3508 pars
1048 3418 1135 3487 idem
1157 3420 1226 3509 jam

198 3544 314 3602 contra
332 3532 526 3602 simoniacos
540 3544 572 3600 et
589 3533 762 3602 Nicolaitas
777 3533 1003 3622 juramentum
1017 3533 1224 3622 praestiterat.

199 3649 348 3739 lnjuncta
366 3651 499 3718 demum
519 3648 645 3718 clericis
663 3649 855 3738 poenitentia
869 3659 917 3717 est
936 3649 993 3737 (l).

242 3881 294 3951 Sic
323 3881 461 3952 extincta
486 3882 605 3971 duplex
627 3903 646 3950 a
673 3881 830 3950 Damiano
858 3879 1005 3964 haeresis,
1032 3878 1224 3970 Sanetaeque

196 3994 287 4064 Sedis
326 3995 517 4064 confirmata
554 3994 742 4066 auctoritas.
777 4018 791 4060 c
824 3993 886 4075 Qui
911 3993 953 4062 ad
983 3993 1162 4062 honestatis
1192 4003 1225 4061 et

226 4258 262 4324 (l)
277 4258 406 4323 Damiani,
419 4273 508 4324 opusc.
520 4271 546 4323 v,
562 4260 647 4310 Actus
661 4257 821 4311 Mediolani.
852 4250 856 4257 ’
