3116 5050
770 565 870 654 ‘2⁷⁸
889 604 930 616 ..

339 729 353 771 v
382 704 469 789 Noli,
499 704 578 788 lilia,
599 705 640 773 de
671 704 796 794 rapinis
821 723 1004 794 pauperum
1035 703 1165 784 viveve;
1197 712 1230 770 et
1259 722 1364 791 quum

336 823 508 911 Apostolus
522 841 790 910 unumquemque
808 820 961 890 manibus
980 820 1048 889 suis
1068 821 1217 900 laborare
1247 820 1364 907 praeci-

323 937 404 1030 piat
422 935 482 1024 (l),
502 945 539 1003 ut
557 935 675 1004 habeat
693 936 780 1005 unde
805 935 928 1004 tribuat
945 935 1171 1004 necessitatem
1202 933 1364 1022 patienti;

337 1063 373 1121 tu
392 1051 442 1119 lac
460 1051 668 1138 agriculturis
696 1051 904 1120 vehementer
932 1050 1049 1134 insisti,
1070 1060 1107 1142 ut
1129 1052 1169 1118 ad
1189 1049 1365 1138 indigenti-

338 1163 400 1232 bus
427 1165 602 1252 praebonda
630 1163 756 1248 solatia,
778 1165 897 1234 horrea
916 1173 973 1233 tua
1003 1163 1129 1232 valeant
1146 1172 1367 1254 proventuum

337 1279 563 1349 benedictione
581 1279 701 1370 repleri
721 1279 776 1367 (l).
803 1303 817 1345 v

381 1391 467 1460 Alias
507 1392 547 1460 de
592 1412 668 1460 vera
703 1391 855 1460 felicitate
893 1390 1023 1460 disserit
1066 1391 1193 1474 Petrus,
1233 1392 1366 1460 docetve

339 1517 440 1586 quare
471 1498 513 1567 sit
543 1499 577 1566 in
608 1499 764 1568 aemmnis
795 1499 969 1567 laetandum
992 1497 1052 1586 (3).
1079 1497 1111 1567 Si
1141 1518 1217 1566 vero
1253 1498 1368 1567 timeat

338 1635 380 1683 ne
409 1613 568 1697 Cinthius,
589 1595 761 1704 praefectus
787 1613 882 1682 Urbis
907 1613 962 1704 jus
985 1614 1093 1682 dicere
1112 1613 1264 1702 negligat,
1282 1611 1367 1682 libe·
1391 1597 1400 1610 ⁶

339 1731 409 1800 rius
427 1730 566 1798 orationi
585 1744 777 1799 vacaturus:
798 1754 812 1797 v
835 1730 965 1800 Memini
984 1731 1091 1820 plane,
1122 1729 1240 1819 inquit,
1265 1725 1373 1798 excelss

339 1849 554 1918 lentissimum
590 1849 707 1916 ducem
734 1847 959 1917 Gothelridum
986 1847 1067 1914 mihi
1099 1847 1249 1916 retulisse
1276 1849 1364 1937 quod

339 1963 457 2032 scribo.
480 1964 677 2046 Avunculus,
697 1963 816 2052 inquit,
837 1983 941 2048 meus,
963 1983 1057 2052 aeque
1086 1961 1219 2031 nomine
1248 1961 1368 2031 Gotho·

338 2078 454 2160 fridus,
476 2087 658 2167 praepotens
678 2078 824 2147 videlicet
853 2079 912 2162 vir,
935 2080 975 2147 ad
1000 2078 1181 2147 faciendam
1202 2077 1380 2166 justitiam

339 2187 437 2254 nimis
470 2185 540 2254 erat
567 2187 723 2271 intentus,
756 2197 788 2254 ct
816 2207 916 2276 super
946 2187 1093 2255 subditos
1130 2187 1191 2256 sibi
1228 2189 1367 2277 populos

340 2301 493 2390 legalium
513 2301 717 2370 sanctionum
747 2301 951 2391 disciplinam
982 2303 1192 2393 vigoremque
1221 2304 1366 2385 tenebat,

341 2417 421 2484 adeo
447 2427 482 2485 ut
501 2417 686 2506 aliquando,
707 2408 901 2506 congregata
927 2439 1038 2486 coram
1068 2439 1103 2486 se
1134 2417 1238 2508 plebis
1272 2418 1368 2486 innu-

342 2551 443 2599 merae
473 2532 691 2616 multitudiue,
725 2532 794 2621 ipse
823 2535 898 2617 dux,
929 2535 1052 2602 excelsa
1078 2555 1155 2602 voce
1185 2535 1366 2602 clamaret:

340 2647 493 2734 Proserat
506 2669 744 2718 cuccumellum
762 2650 800 2716 io
817 2649 1046 2738 caediumque
1063 2650 1134 2717 uult
1147 2650 1261 2718 habere
1272 2651 1369 2740 joat-

339 2759 440 2827 cium.
473 2758 645 2849 Quumque
671 2761 745 2843 hoc,
773 2760 932 2849 praeconis
959 2760 1065 2828 oflicio
1097 2762 1237 2844 functus,
1273 2762 1370 2830 tertio

342 2863 478 2959 diceret,
492 2884 524 2943 et
542 2876 650 2944 nullus
670 2875 703 2942 in
722 2883 811 2943 tanto
825 2875 945 2966 populo
964 2877 1189 2964 responderet,
1211 2875 1371 2945 intellexit

344 2990 496 3058 omnihus
529 2990 737 3060 satisfactum.
769 2990 850 3058 Tum
888 3011 1009 3080 equum
1040 2991 1134 3059 laetus
1166 2993 1310 3060 ascendit
1339 3005 1373 3062 ct

342 3098 500 3189 populum
520 3117 586 3166 non
606 3097 801 3186 jurgantem,
823 3099 878 3166 sed
898 3119 976 3187 paea
999 3108 1112 3166 mutua
1132 3097 1368 3187 perfruentem,

347 3233 422 3282 cum
458 3213 577 3320 gaudio
607 3212 749 3301 reliquit.
775 3235 788 3278 t
813 3213 868 3280 Pia
886 3223 994 3282 autem
1015 3213 1133 3294 sabula,
1154 3223 1191 3280 ut
1217 3234 1303 3303 saepe
1322 3215 1370 3300 lit,

343 3327 441 3394 mixta
470 3327 580 3395 rebus.
600 3327 656 3394 Vir
679 3328 811 3416 quidam
832 3327 870 3394 in'
885 3328 1001 3416 spiritu
1017 3339 1136 3436 raptus
1155 3340 1214 3396 est.
1239 3353 1253 3394 v
1279 3329 1372 3398 Visus

344 3455 393 3510 est
412 3442 473 3520 sibi
499 3442 608 3510 videre
638 3443 830 3510 avunculum
852 3463 974 3525 meum,
995 3443 1051 3532 qui
1081 3445 1233 3531 superius
1265 3445 1372 3514 dietus

344 3567 405 3638 est,
427 3557 460 3623 in
479 3575 578 3624 aureo
604 3557 756 3624 subsellio
786 3557 1025 3644 praesidentem.
1048 3548 1106 3626 Cui
1127 3558 1285 3626 nimirum
1306 3561 1370 3628 duo

345 3661 451 3750 angeli
469 3661 660 3730 videbantur
679 3661 843 3744 assistere,
870 3673 901 3730 at
929 3661 1056 3731 flabella
1087 3664 1238 3732 manibus
1269 3665 1376 3733 venti-

343 3777 458 3860 lantes,
493 3777 695 3844 conabantur
717 3787 827 3859 aestus,
849 3777 884 3844 in
914 3777 985 3868 ejus
1011 3777 1106 3862 lucie,
1137 3797 1228 3847 more
1259 3779 1376 3848 minis·

377 4031 414 4096 (l)
428 4031 541 4096 Epheo.‚
553 4045 590 4096 tu,
602 4033 641 4083 28.

291 4148 294 4171 2
376 4114 413 4178 (2)
427 4113 508 4177 Epist.
521 4126 568 4176 vu,
580 4113 620 4176 18,
632 4111 678 4162 Ad
693 4112 824 4164 Guillom.
836 4111 1019 4166 comitiorum.

377 4193 415 4258 (3)
432 4194 512 4258 Epist.
525 4205 582 4257 vin,
597 4192 660 4259 ’1,8.
