3116 5050
715 1446 862 1520 CAPUT
894 1445 970 1518 ΧΠ.

331 1946 424 1995 Petrus
436 1957 496 1994 cnm
514 1947 614 2008 Agnete
633 1943 798 2006 imperatrice
817 1941 930 1992 amicitia
946 1942 1062 2004 junctus.
1083 1970 1110 1977 -
1129 1941 1232 2006 Legatis
1250 1941 1279 1990 in
1295 1942 1362 1992 Ger-

363 2025 478 2073 maniam
491 2024 609 2073 mittitur.
630 2049 660 2058 -
680 2020 785 2072 Henrici
808 2022 841 2072 lV
862 2022 1000 2072 divortium
1019 2022 1134 2084 impedit.
1152 2049 1183 2058 -
1196 2022 1226 2070 Β.
1245 2022 1360 2072 Joannes

365 2105 484 2156 Damiaui
507 2103 657 2168 discipulus.
682 2132 714 2140 -
736 2104 829 2154 Petrus
853 2103 1004 2152 Ravennam
1028 2103 1132 2159 missus.
1156 2101 1286 2152 Fauentiae
1308 2101 1361 2152 vita

288 2251 291 2258 ι
365 2185 489 2251 iungitur.

380 2398 540 2466 Henricus
565 2399 701 2481 interea,
728 2399 965 2466 Germanorum
995 2417 1063 2479 rex,
1084 2406 1177 2467 aetate
1207 2395 1363 2464 simulet
1420 2411 1422 2416 '

283 2571 287 2586 ,
335 2512 418 2579 vitiis
434 2521 587 2578 creverat.
609 2510 669 2590 Oui
689 2495 799 2579 decem
821 2521 852 2578 et
881 2521 952 2578 octo
982 2509 1111 2578 circiter
1131 2531 1232 2578 annos
1252 2523 1360 2592 uatus,

336 2628 421 2694 inter
451 2626 659 2716 pravissimos
687 2627 803 2694 merito
827 2627 896 2714 jam
910 2628 1091 2714 adscriptus
1117 2637 1165 2694 cst
1189 2627 1249 2715 (i).
1269 2629 1360 2695 duno

337 2752 446 2810 autem
466 2761 579 2824 nexu,
606 2763 740 2810 uxorem
772 2742 924 2809 Bertham
943 2743 1090 2824 duxerat,
1110 2740 1244 2810 Othonis
1274 2763 1362 2810 mar-

338 2849 464 2916 chionis
495 2849 755 2944 fitiam‚.annum
787 2848 949 2916 decimum
980 2860 1012 2916 et
1031 2849 1179 2938 quintum
1197 2860 1360 2938 agentem.

338 2961 438 3040 Quam
459 2982 560 3050 quum
581 2961 715 3048 diligere
734 2963 896 3050 nequiret,
914 2963 1074 3030 dimittere
1093 2963 1215 3045 statuit,
1247 2964 1360 3030 nefan-

340 3077 454 3165 disque
473 3057 617 3164 primum
637 3097 844 3164 nequaquem
863 3077 1016 3146 adhibitis
1037 3077 1174 3160 artibus,
1194 3099 1266 3146 rem
1285 3099 1360 3148 curn

340 3191 508 3278 Sigefrido,
534 3191 736 3278 Mogontiaco
768 3191 1023 3280 archiepiscopo,
1051 3204 1124 3281 post
1154 3194 1363 3262 Pentecosten

342 3303 419 3370 anni
448 3323 557 3386 unxm,
588 3303 729 3392 denique
761 3305 953 3391 composuit.
983 3304 1178 3373 Concessum
1211 3307 1365 3395 utrinque

342 3429 378 3485 ut
408 3439 519 3505 regem
549 3418 721 3507 episcopus
744 3419 833 3486 omni
865 3440 925 3507 ope
945 3429 977 3487 et
994 3441 1094 3508 opera
1111 3421 1146 3487 in
1164 3421 1363 3509 perficiendo

341 3533 476 3601 consitio
492 3533 629 3621 juvaret,
661 3555 718 3601 rex
741 3546 849 3602 eutem
877 3535 1073 3624 Thuringios
1102 3537 1244 3604 decimes
1275 3537 1360 3624 epis-

344 3669 425 3738 copo
444 3648 566 3716 solvere
586 3660 726 3736 cogeret,
748 3649 901 3718 adhibitis
921 3650 1032 3734 armis,
1053 3651 1080 3718 si
1100 3652 1183 3719 foret
1202 3673 1298 3740 opus.
1331 3699 1334 3704 -

388 3763 467 3830 itata
507 3773 703 3852 acceptaque
745 3765 821 3847 fide,
859 3786 915 3831 rex
957 3766 1131 3834 declaravit
1179 3766 1260 3834 sibi·
1290 3786 1364 3833 curn

345 3878 464 3946 Bertha
493 3877 599 3946 vivere
627 3879 728 3962 nefas,
749 3899 787 3962 eo
817 3883 901 3968 quod
924 3881 1167 3949 matrimonium
1193 3902 1259 3949 non
1289 3902 1367 3970 pos·

377 4113 415 4178 (1)
429 4113 526 4176 Bruuo‚
539 4115 578 4165 De
595 4115 662 4165 bello
677 4117 813 4172 sacontco.
833 4145 861 4154 -
877 4118 980 4168 dunat.
997 4131 1103 4177 socon„
1119 4117 1152 4168 ad
1167 4131 1228 4168 auu.
1245 4115 1317 4168 1067.
1338 4145 1362 4156 -·

347 4192 473 4245 chronic.
486 4193 671 4259 Maqdebur9.,
682 4195 715 4244 ad
726 4208 787 4245 ann.
799 4195 870 4246 1068.
