3110 5066
640 1409 804 1480 INDEX

211 1639 366 1681 Aucroltun
382 1639 416 1681 ΕΤ
430 1639 580 1681 LlBllORUld
595 1639 644 1688 Qui
658 1639 794 1682 FUERUNT
807 1639 864 1681 noc
879 1640 909 1681 IN
924 1638 1071 1682 opuscolo
1085 1636 1122 1678 ΑΙ)
1137 1636 1236 1679 illem.

190 2281 193 2286 ἱ
244 2211 275 2262 Β.
287 2211 356 2262 Petri
367 2211 495 2276 Dumium,
508 2213 535 2264 S.
548 2213 580 2264 R.
593 2214 624 2265 E.
638 2213 791 2277 cardinalis,
803 2212 923 2278 Episcopi
939 2210 1076 2275 Ostiensis,
1093 2211 1197 2262 Ordinis
1212 2212 1238 2262 S.

214 2299 358 2363 Benedicti,
379 2305 405 2351 et
428 2301 545 2352 Doctoris
567 2302 725 2353 sanctissimi
743 2317 774 2353 ac
793 2301 967 2363 disertissimi,
991 2299 1076 2364 Opere
1094 2299 1190 2362 omnia,
1213 2300 1241 2350 in

213 2392 323 2452 quatuor
341 2394 424 2440 tomos
448 2389 603 2452 distribute3
625 2391 738 2442 collecte
760 2391 844 2442 studio
868 2394 895 2442 et
911 2390 1001 2442 labore
1023 2390 1054 2440 D.
1078 2387 1241 2440 Constantini

213 2475 338 2540 dejotari,
361 2476 459 2528 abbatis
483 2478 509 2528 S.
539 2479 665 2544 Remotis,
687 2479 901 2546 congregationis
929 2477 1087 2530 Casinensis.
1115 2477 1241 2538 Parisiis,

214 2576 364 2628 uncorum,
376 2565 392 2615 l
403 2569 466 2618 tom.
478 2566 549 2618 in-n.

243 2705 272 2755 B.
285 2705 357 2756 Petri
368 2706 498 2770 Damiani,
512 2708 686 2772 Epistularum
704 2708 763 2760 libri
775 2713 843 2773 octo,
858 2709 947 2761 multis
964 2723 996 2760 ex
1007 2707 1172 2759 bibliothecis
1190 2707 1244 2758 col·

212 2794 283 2857 lecti,
298 2809 339 2858 op.
350 2799 377 2846 et
389 2796 456 2847 stud.
470 2797 622 2850 C·Caetoni.
638 2799 763 2862 Parisiis,
775 2813 819 2864 ap.
833 2799 893 2850 Seb.
911 2799 1060 2864 Gramoisy,
1074 2809 1155 2860 nnox,
1166 2797 1242 2847 in-O.

244 2926 302 2978 Vita
313 2927 338 2979 S.
353 2929 511 3004 Patriarchce
522 2931 668 2997 Romualdi,
680 2931 918 2984 Gamaldulensium
929 2932 1080 2995 fundatoris,
1093 2945 1141 2996 per
1151 2932 1182 2982 P.
1194 2931 1244 2982 Da-

215 3015 341 3066 mianum.
355 3017 457 3082 Romoe,
468 3030 594 3084 uocixvr,
607 3019 685 3072 in·4⁰.
1002 3008 1007 3020 ⁸

245 3153 343 3208 Rerum
356 3155 504 3208 Italicarum
516 3157 671 3223 Scriptores,
685 3158 718 3208 ab
736 3171 805 3208 enno
821 3172 880 3232 oerae
898 3156 1046 3208 christianae
1069 3169 1085 3207 n
1106 3157 1138 3206 ad
1154 3168 1201 3219 iro,
1215 3155 1244 3206 L.

215 3241 249 3290 ri.
264 3241 387 3294 Muretori
399 3245 512 3310 colleuit.
525 3245 683 3311 Mediolani,
694 3258 972 3308 limenun-uocem,
985 3245 1017 3296 25
1030 3245 1081 3296 vol.
1094 3245 1165 3294 in-r.

249 3377 365 3430 Annales
387 3381 565 3446 ecclesiastici,
578 3387 646 3435 auct.
667 3383 767 3436 (imore
788 3383 908 3435 Bononio.
928 3383 1093 3446 Antvemioe,
1105 3397 1147 3433 coc.
1171 3381 1243 3445 offic·

216 3465 654 3534 Plautiniunc,uooxr1·unoxxrx,
669 3473 701 3523 12
711 3473 761 3525 vol.
777 3472 849 3524 in-r.

248 3607 342 3659 Critire
353 3608 672 3676 historico-chronologica
686 3610 714 3660 in
725 3609 861 3661 universos
872 3610 987 3660 Anneles
1001 3607 1029 3659 C.
1043 3607 1118 3660 Ourd.
1130 3606 1246 3667 Beronii,

109 3705 111 3710 ’
150 3706 152 3711 ·
216 3702 285 3750 auct.
298 3701 360 3750 Ant.
373 3699 445 3764 Pagi.
456 3702 786 3765 Antoerpioe,rrnocxxv11,
799 3699 816 3750 4
828 3699 879 3750 vol.
892 3699 965 3749 in-n.

247 3841 361 3891 Annales
379 3839 484 3892 Ordinis
500 3840 526 3893 S.
548 3840 691 3905 Benedicti,
701 3845 768 3892 auct.
785 3839 915 3892 Mebillon.
928 3839 990 3890 Lot.
1014 3838 1115 3902 Porio,
1131 3848 1246 3889 uocem·
1326 3819 1328 3822 ¹

218 3939 381 3992 roccum,
395 3928 412 3980 6
424 3931 475 3980 vol.
491 3928 561 3979 init

245 4067 309 4117 Acta
321 4066 484 4130 Sanctorum,
498 4068 622 4131 quotquot
632 4069 685 4116 toto
706 4065 769 4117 orbe
780 4065 910 4127 coluntur,
922 4063 1085 4128 collegerunt
1108 4076 1140 4112 ec
1160 4062 1246 4127 diges-

211 4159 302 4207 serunt
322 4156 346 4206 J.
369 4155 509 4206 Bollendus
527 4159 554 4205 et
573 4154 636 4206 God.
649 4154 832 4206 lieuschenius
852 4154 878 4206 S.
897 4153 921 4205 J.
940 4150 1065 4216 theologi.
1088 4151 1207 4202 Porieiic
1218 4157 1247 4202 et

214 4245 316 4309 nm,
324 4257 370 4310 op.
389 4244 417 4296 V.
430 4243 538 4308 Polme,
548 4243 581 4295 56
591 4244 643 4295 vol.
655 4242 726 4294 in-n.
