3116 5050
603 566 606 573 ’
678 604 839 666 -eo-

241 753 359 820 copum
381 731 576 800 remansisse
595 742 720 801 constat
737 733 795 820 (1),
817 716 923 821 nequo
942 731 1051 802 minus
1074 753 1269 825 magnorum

244 846 394 916 Ecclesiae
412 847 618 936 negotiorum
637 847 739 916 fuisse
758 847 960 938 participem.

167 949 198 1006 Ϋ
287 963 333 1032 Eo
352 942 481 1032 circiter
511 975 659 1053 tempore
692 968 804 1050 (nuru)
834 963 953 1032 missus
983 964 1177 1032 Florentiam
1211 965 1269 1032 ba·

244 1078 385 1161 mianus,
406 1060 463 1146 ubi
482 1100 579 1164 grave
609 1089 679 1147 erat
708 1079 991 1169 archiepiscopum
1024 1081 1110 1148 inter
1139 1090 1172 1148 et
1201 1100 1270 1146 mo-

242 1194 363 1263 nachos
382 1193 566 1263 dissidium.
589 1195 735 1263 Monachi
756 1195 843 1262 enim
862 1195 1145 1284 archiepiscopum
1170 1195 1269 1262 simo-

241 1309 372 1390 niacum
391 1319 590 1398 reputantes,
612 1322 815 1379 sacramenta
833 1310 1041 1379 affirmabant
1059 1332 1116 1379 seu
1129 1311 1169 1377 ab
1184 1310 1267 1398 ipso,

241 1444 300 1492 seu
319 1425 359 1492 ab
381 1424 431 1492 his
450 1446 532 1515 quos
552 1425 765 1494 ordinavisset
784 1426 930 1514 recipere
950 1427 1110 1494 illicitum.
1140 1425 1271 1493 Damia-

240 1558 305 1607 nus
323 1550 431 1608 autem
461 1562 480 1608 a
510 1541 680 1609 monacbis
708 1561 843 1630 prorsus
873 1541 1067 1610 dissentiens
1097 1539 1271 1608 declaravit

241 1655 282 1724 ab
320 1655 473 1744 episcopo
513 1657 664 1724 secedere
692 1657 794 1739 nefas,
830 1666 941 1744 utpote
974 1658 1029 1746 qui
1060 1677 1126 1724 non
1159 1657 1273 1724 fuisset

240 1768 395 1837 canonice
414 1769 598 1836 damnatus.
628 1769 718 1849 Quod
752 1770 835 1836 male
866 1769 1129 1858 interpretantes,
1162 1769 1269 1858 ipsum

163 1887 167 1896 '
240 1904 433 1952 accusavere
452 1883 640 1966 morentini,
663 1883 754 1972 quasi
769 1884 917 1973 simoniae
929 1885 1059 1953 faveret.
1077 1885 1271 1952 Reclamavit

243 1999 355 2067 Petrus
371 1997 565 2066 :neminem
585 1998 757 2067 simoniam
777 1999 891 2088 majori
920 1975 1019 2068 i'uisse
1050 1999 1124 2068 odio
1157 2021 1270 2088 prosc·

240 2115 372 2195 cutum;
394 2111 615 2180 simoniacum
639 2132 705 2179 non
735 2111 778 2180 ita
811 2112 1049 2181 inconsiderate
1081 2113 1268 2181 babendum

240 2227 441 2316 quicumque
461 2226 495 2293 in
515 2226 732 2316 suspicionem
754 2226 893 2295 venisset
901 2249 910 2310 ;
932 2227 1108 2295 monachos
1138 2247 1269 2314 eausam

239 2342 338 2410 tuisse
357 2363 416 2409 our
434 2341 584 2409 homines
605 2340 692 2408 mille
712 2352 743 2410 et
762 2342 902 2430 amplius
922 2342 1044 2430 absque
1057 2341 1270 2410 sacramentis

240 2457 471 2541 decessissent3
506 2478 606 2526 unam
635 2457 719 2526 viam
751 2479 821 2526 esse
850 2478 920 2526 rem
951 2457 1136 2539 dirimendi,
1170 2457 1196 2525 si
1228 2459 1267 2525 ad

240 2572 272 2642 S.
295 2573 483 2646 Pontificem
502 2583 693 2641 recurratur
713 2572 772 2662 (1).
850 2593 852 2596 ·

283 2688 389 2769 Qu'are
408 2689 545 2778 quaestio
565 2688 599 2756 in
624 2689 769 2758 Romano
800 2687 937 2756 concdio
972 2689 1102 2776 (untur)
1133 2688 1265 2776 agitata,

240 2805 296 2873 ubi
315 2805 524 2873 vehementer
543 2804 697 2894 utrinque
715 2805 929 2894 disputatum,
951 2803 1022 2872 aliis
1048 2823 1123 2871 cum
1157 2803 1267 2871 Hilde-

239 2919 364 2989 brando
383 2940 443 3009 pro
462 2919 642 3002 monachis,
663 2920 813 3009 pluribus
832 2940 906 2988 cum
926 2919 1080 2998 Darniauo
1099 2929 1158 3007 pro
1178 2918 1267 3006 epis·
1316 2987 1317 2990 ,

240 3055 321 3124 copo
341 3035 512 3104 stantibus.
533 3035 621 3104 Nibii
640 3046 717 3104 tunc
736 3056 774 3102 ea
793 3037 832 3103 de
852 3055 887 3102 re
906 3045 1074 3102 statutum.
1090 3031 1266 3101 Damianus

239 3129 386 3219 autema
407 3146 856 3238 concilioadeodesatigatus
886 3148 965 3216 abiit
990 3159 1026 3215 ut
1054 3146 1085 3215 S.
1120 3147 1268 3215 Pontifici

239 3267 429 3357 scripserit:
470 3288 488 3335 c
520 3267 595 3336 Haec
633 3269 719 3356 apud
757 3285 809 3332 me
846 3263 996 3333 definita
1015 3262 1174 3331 sententia
1204 3273 1265 3344 est,

237 3385 380 3475 quiade
411 3394 540 3466 caetero,
573 3383 637 3452 nisi
673 3403 726 3450 me
756 3381 930 3450 necessitas
962 3379 1144 3448 inevitanda
1175 3399 1264 3446 com·
1294 3405 1296 3409 ·

241 3500 349 3589 pellat,
371 3500 474 3567 donec
492 3499 655 3581 advixero,
676 3496 829 3565 Romanis
860 3516 912 3564 me
941 3493 1086 3563 conciliis
1118 3494 1264 3562 funditus

236 3615 413 3684 absentabo
431 3614 488 3703 (3).
514 3638 529 3679 ›

267 3817 305 3881 (1)
328 3815 429 3868 Mortuo
451 3817 576 3867 Damiano
599 3813 685 3879 (itm)
708 3813 835 3866 suecessit
858 3811 1016 3865 Gherardus.
1042 3809 1158 3876 (Ugbelli
1177 3809 1263 3860 Itott'o

235 3911 326 3961 sacro,
340 3895 487 3961 tott,t.11,
500 3911 525 3960 p.
538 3894 591 3959 ta.)

268 3976 306 4040 (2)
321 3977 392 4028 Petri
405 3977 490 4040 Dum,
503 3990 593 4040 opusc.
607 3982 671 4026 xxx.

263 4056 301 4122 (3)
316 4056 397 4122 Epist.
410 4070 429 4121 1,
441 4055 484 4120 ta,
496 4055 542 4107 Act
552 4055 689 4107 Alcmond.
704 4052 743 4104 11.

629 4265 872 4280 m
