3116 5050
754 607 914 672 ..ω-

318 753 350 812 et
369 715 408 810 de
428 763 487 810 sua
505 741 687 811 valetudine
707 717 907 831 querentem·
919 741 979 830 (t).
1001 744 1039 809 tt
1057 739 1120 809 itte·
1140 761 1256 810 rursus
1286 761 1345 810 sn-

319 855 420 946 perho
439 854 658 924 archidiaconi
677 855 786 924 animo
805 853 940 923 minime
958 853 1087 944 parcit:

472 1043 568 1106 Papam
580 1041 630 1090 rite
639 1042 707 1104 colo,
723 1040 770 1090 sed
781 1044 806 1090 te
819 1043 962 1104 prostratus
973 1040 1052 1092 adoro
1064 1055 1070 1090 :

472 1121 511 1171 Tu
524 1120 587 1171 iacis
597 1117 668 1170 hunc
676 1120 824 1184 dominum;
837 1124 863 1170 te
875 1119 937 1170 tacit
951 1120 1000 1171 iste
1012 1120 1096 1171 Deum
1110 1120 1157 1184 (h).

363 1306 403 1376 Et
421 1306 522 1375 alihi:

417 1501 421 1506 ·
471 1491 565 1543 Vivere
577 1491 616 1543 vis
628 1491 736 1542 Romae‘t
748 1492 822 1544 Clara
834 1491 978 1556 depromito
991 1478 1067 1545 voce:

473 1571 535 1624 Plus
546 1571 651 1623 domino
663 1587 736 1637 papae
748 1587 826 1637 quam
840 1573 936 1624 domno
948 1587 1026 1638 pareo
1040 1572 1116 1639 Papae
1130 1571 1177 1640 (3).

361 1775 467 1857 Ouum
487 1797 548 1866 par
575 1775 726 1846 Ecclesiae
749 1777 834 1860 data,
857 1777 1045 1848 Pontificem
1071 1779 1190 1848 iterum
1215 1779 1344 1849 Damia-

320 1909 383 1960 nos
414 1899 564 1978 precatus
583 1899 631 1958 est
659 1909 701 1958 ue
727 1888 857 1978 requies
887 1890 995 1958 «cani
1023 1891 1074 1959 sui
1102 1901 1134 1959 et
1163 1894 1345 1980 grandaevae
1420 1873 1422 1878 ’

317 2005 385 2095 jam
418 2005 575 2075 senectuti
594 2015 779 2093 negaretur.
803 2004 1003 2076 »Romanas
1031 2007 1139 2075 febres
1158 2007 1342 2096 praetendit,

319 2140 482 2209 novasque
519 2119 690 2188 recedendi
719 2139 833 2189 causas
869 2120 918 2188 vir
961 2122 1137 2190 modestior
1183 2123 1342 2191 adhibet:

321 2257 336 2300 t
357 2233 502 2318 vitiosus,
524 2233 642 2323 iuquit,
663 2234 703 2302 ad
722 2233 881 2302 honorem
899 2235 999 2318 hunc,
1021 2245 1052 2302 et
1071 2255 1145 2304 curn
1163 2237 1343 2324 reprehen-

319 2349 411 2417 sione
435 2351 579 2438 perveni,
612 2360 644 2418 et
674 2349 708 2416 in
737 2369 776 2417 eo
807 2349 1108 2438 reprehensibiliter
1135 2351 1196 2419 vixi
1228 2352 1293 2440 (4),
1327 2375 1342 2418 ›

319 2463 440 2531 Infecta
459 2484 495 2531 re
515 2463 654 2532 decessit
671 2463 822 2531 Nicotaus
840 2463 923 2553 (jun.
945 2466 1038 2554 nux).

283 2579 285 2584 ’
362 2578 470 2646 Muttae
487 2587 646 2666 praeterea
659 2597 765 2646 causae
780 2578 934 2646 Damiano
954 2590 1047 2647 erant
1059 2600 1118 2648 cur
1133 2579 1342 2650 solitudinem

318 2703 468 2782 repetere
486 2704 631 2781 cuperet.
654 2693 826 2761 Maximum
845 2693 879 2760 in
898 2692 1012 2782 primis
1032 2694 1223 2783 pontificatis
1242 2695 1344 2785 ipsius

319 2808 419 2877 curiae
438 2808 582 2890 taedium,
603 2807 636 2874 iu
655 2829 720 2897 qua
738 2809 827 2876 nulla
842 2808 910 2898 jam
930 2809 1081 2897 gravitas,
1114 2811 1169 2878 sed
1201 2835 1215 2878 u
1247 2812 1342 2896 sales,

320 2923 455 3008 facetiae,
481 2943 660 3013 omnesque
690 2923 838 2992 inanium
868 2924 1042 2992 verborum
1074 2936 1191 3015 pestes,
1228 2950 1242 2992 r
1273 2947 1348 3017 quae

319 3059 462 3119 scurras,
502 3039 637 3107 minime
667 3040 849 3107 sacerdotes
880 3041 1004 3107 decent.
1040 3064 1054 3106 u
1092 3041 1190 3110 Recte
1221 3041 1346 3111 vivendi

319 3155 416 3238 linea,
438 3175 511 3243 quae
531 3154 601 3222 aliis
621 3155 660 3222 ad
680 3155 861 3242 exemplum
887 3157 1099 3243 proponenda
1130 3156 1246 3240 tuerat,
1278 3177 1346 3245 non

319 3277 459 3334 tenetur.
480 3266 570 3344 Quod
590 3267 617 3334 si
635 3273 708 3350 nos,
724 3267 778 3334 ,vel
796 3268 921 3354 pudore
939 3268 988 3334 vel
1006 3279 1117 3352 metu,
1130 3269 1163 3335 in
1186 3268 1257 3338 haec
1288 3271 1345 3338 de·

319 3383 440 3450 clinare
470 3383 719 3467 contemnimus,
749 3403 824 3450 mox
847 3382 1030 3467 inhumani,
1058 3384 1166 3472 rigidi,
1200 3395 1232 3453 et
1262 3406 1345 3474 quos

319 3497 475 3588 Hyrcanae
500 3499 672 3588 genuerint
703 3497 819 3587 tigres,
846 3499 931 3568 saxei
958 3499 1156 3589 judicamur.
1190 3500 1345 3590 Reprimo

319 3614 479 3682 calamum
499 3612 562 3704 (5).
588 3637 602 3679 n

364 3729 523 3798 Pertaesus
542 3750 672 3817 quoque
691 3729 866 3818 animoque
886 3739 1112 3799 consternatus
1139 3741 1220 3814 erat,
1242 3751 1344 3818 quum

351 3915 387 3978 (1)
403 3913 474 3965 Petri
484 3915 570 3979 Dam,
585 3929 626 3978 ep.
639 3927 658 3973 1,
670 3914 710 3964 11.

350 3993 383 4058 (2)
399 3995 470 4044 Petri
481 3995 566 4058 Dam,
578 3995 676 4045 Preces
690 4000 717 4044 et
729 3993 870 4058 Camino,
884 4009 913 4046 n.
929 3994 981 4044 195.

351 4071 386 4137 (3)
402 4073 485 4137 Iota,
498 4087 525 4124 n.
539 4073 593 4123 149.

348 4153 384 4215 (t)
400 4153 471 4203 Petri
482 4155 566 4218 Dam,
579 4167 669 4217 opusc.
683 4165 738 4204 xlx.
830 4187 833 4194 ,

347 4232 385 4296 (5)
402 4233 497 4297 Opusc.
511 4245 557 4297 xx,
570 4247 627 4297 cap.
639 4231 666 4282 7.-
