3110 5066
713 1453 859 1528 CAPUT
887 1453 928 1526 V.
1001 1497 1004 1504 ·

311 1945 349 1994 Ite
370 1943 440 1994 Petri
459 1942 577 1993 Damiani
600 1942 756 2006 eloquentia.
775 1969 806 1979 -
824 1942 891 2003 Quid
904 1941 936 1992 de
949 1957 1022 1994 sacra
1036 1943 1184 2006 eloquentia
1196 1943 1339 2008 Damianos

339 2024 460 2075 senserit.
475 2049 503 2060 -
516 2023 600 2086 Ipsius
616 2021 771 2086 eloquentiae
782 2022 877 2086 fontes,
891 2023 982 2086 torma,
995 2023 1066 2073 vitia.
1082 2051 1112 2061 -
1125 2024 1198 2084 Quod
1210 2023 1338 2076 Damiano

342 2103 420 2154 iuerit
433 2101 625 2153 sermooInandi
639 2101 762 2152 studium.
1281 2115 1284 2118 ·

355 2312 501 2381 Damiani
520 2311 724 2400 septuaginta
743 2311 888 2401 quinque
899 2311 944 2398 (l)
956 2333 1123 2382 sermones
1135 2315 1174 2382 ad
1189 2335 1248 2382 nos
1262 2335 1338 2403 per-

310 2447 438 2494 venere.
455 2427 498 2494 De
517 2425 636 2515 quibus
650 2437 823 2514 antequam
839 2427 1050 2509 disseramus,
1065 2448 1174 2516 operae
1193 2428 1335 2516 pretium

310 2552 359 2609 est
389 2541 545 2630 quidnam
574 2551 687 2609 auctor
706 2541 774 2630 ipse
804 2544 843 2610 de
872 2559 964 2610 sacra
983 2543 1168 2632 eloquentia
1198 2545 1337 2613 senserit

310 2657 490 2746 inquirere.
549 2745 553 2751 Ι

250 2835 257 2841 .
354 2771 391 2839 1⁰
414 2774 528 2862 Magna
557 2773 649 2841 sitin
674 2772 809 2840 dicendo
828 2772 1041 2861 simplicitas:
1072 2799 1085 2840 r
1119 2775 1334 2859 Piscatorum,

310 2888 428 2978 inquit,
461 2910 533 2956 sum
571 2889 666 2978 plane
698 2888 888 2976 discipulus
911 2888 1049 2978 ideoque
1074 2909 1141 2956 non
1166 2910 1256 2958 mare
1277 2891 1337 2959 De·

311 3003 500 3086 mosthenis,
521 3022 581 3070 nec
600 3013 777 3070 torrentem
797 3022 983 3070 commoveo
1003 3002 1165 3070 Ciceronis
1178 3002 1235 3092 (I).
1262 3028 1277 3070 r

354 3117 391 3185 2⁰
412 3117 493 3198 Ouid
521 3119 719 3186 credendum
747 3118 799 3199 sit,
830 3118 907 3207 quid
938 3119 1100 3206 agendum
1132 3119 1336 3186 auditoribus

311 3233 492 3302 indicetur:
515 3234 619 3316 utilia,
641 3256 728 3316 vera,
751 3246 850 3315 certa,
879 3235 1014 3322 probata
1043 3234 1188 3302 enuntiet
1215 3234 1334 3322 praedi·

310 3359 411 3431 cator,
438 3370 543 3438 neque
573 3370 654 3442 vana
682 3349 868 3418 curiositate
899 3350 1071 3417 laboret«
1103 3349 1258 3418 Nonnulli
1277 3371 1336 3418 au·

312 3474 389 3547 tem,
428 3466 504 3532 dum
550 3465 723 3555 plusquam
757 3477 884 3555 oportet
919 3487 1033 3553 sapere
1076 3465 1230 3554 gestiunt,
1263 3466 1336 3554 quis

341 3702 377 3764 (l)
393 3703 430 3753 De
442 3702 597 3766 quibusdam
609 3718 673 3754 num
684 3703 803 3754 Damiani
820 3707 873 3752 sint
888 3702 1004 3752 dubium.
1018 3701 1172 3753 Sermonem
1185 3702 1217 3752 de
1229 3702 1256 3754 8.
1270 3703 1344 3760 Man

311 3781 366 3832 tino
384 3796 488 3833 necnon
500 3786 636 3846 utramque
651 3784 683 3833 de
704 3782 731 3833 S.
753 3782 858 3832 Andrea
876 3781 1010 3832 homiliam
1029 3781 1136 3831 Nicolao
1155 3780 1341 3833 Clarovallensi

311 3863 427 3914 attribuit
447 3864 568 3914 IIahilIon
584 3863 692 3927 (Sancti
709 3863 848 3914 Bernordi
868 3876 959 3926 operm
980 3867 999 3912 t.
1020 3861 1063 3924 ll),
1085 3860 1341 3926 Dacheriuscontra‚

312 3941 340 3991 in
352 3942 398 3992 VII
413 3942 556 4007 Specileqit'
570 3944 710 4007 volumIne,
733 3943 774 3993 ed.
793 3943 858 4005 In·I‚
870 3941 986 4004 Parisiis,
1007 3940 1078 4005 1666,
1094 3941 1209 4006 quinque
1227 3943 1275 3993 suh
1295 3943 1343 3993 Da·

310 4022 392 4073 miani
415 4022 522 4072 nomine
543 4037 680 4074 sermones
696 4023 786 4074 retulit
811 4035 875 4086 quos
897 4025 988 4086 postea
1009 4021 1081 4071 Petri
1102 4020 1270 4084 Ravennatis
1293 4035 1339 4070 seu

308 4103 459 4168 Chrysologi
473 4117 532 4153 csse
544 4104 678 4168 comperit.
692 4103 835 4168 (spicileg.‚
847 4107 867 4153 t.
879 4102 947 4164 VIII,
959 4102 1085 4166 Lectori.)

337 4181 373 4245 (2)
389 4183 474 4246 Dam,
490 4183 564 4246 epist.
578 4195 605 4246 t,
617 4181 658 4232 13.
