3116 5050
747 617 787 630 -
807 585 848 647 64
867 619 908 632 ...

314 714 443 804 ignorat
460 715 588 805 penitus
607 725 846 786 senectutem...
880 717 1076 807 Deponenda
1105 739 1183 808 ergo
1213 718 1343 787 sarcina

317 851 416 921 quam
435 831 581 920 bajulare
600 851 665 900 non
686 847 818 920 possum
833 833 893 921 (l).
919 857 933 898 a

265 1025 268 1030 A
362 947 499 1017 Centum
514 947 583 1036 jam
602 968 763 1016 annorum
790 969 850 1038 pro
871 948 1011 1016 demisso
1030 947 1218 1038 episcopatu
1237 947 1343 1038 poeni-

316 1061 451 1132 tentiam
469 1072 655 1152 susceperat
672 1085 681 1144 ;
701 1061 870 1151 majorem,
891 1063 918 1132 si
938 1065 1073 1153 placeat,
1105 1064 1216 1133 addito
1246 1064 1344 1132 etiarn

316 1198 461 1262 carcere,
483 1177 651 1268 suscipiet.

364 1405 492 1496 Majoris
529 1415 637 1475 autem
675 1405 869 1474 Damianum
918 1405 1056 1475 faciebat
1105 1406 1347 1476 Hildebrandus

320 1542 418 1611 quam
438 1521 494 1610 qui
519 1522 616 1590 talem
647 1520 753 1590 virum
785 1521 938 1590 recedere
973 1521 1115 1590 sineret:
1152 1545 1166 1588 c
1201 1523 1261 1618 §ed
1294 1523 1349 1590 hic

320 1637 416 1720 forte,
437 1637 574 1704 blandus
593 1636 646 1705 ille
665 1647 833 1726 tyrannus,
854 1635 910 1724 qui
925 1635 1006 1703 mihi
1020 1636 1204 1706 Neroniana
1217 1658 1350 1726 semper

320 1751 440 1842 pietate
471 1751 648 1836 condoluit,
679 1751 735 1842 qui
772 1771 824 1819 me
850 1751 1081 1840 colaphizando
1106 1752 1271 1836 demulsit,
1294 1753 1351 1842 qui

322 1888 375 1935 me
394 1877 481 1936 certe
500 1866 657 1956 aquiline,
679 1876 715 1934 ut
734 1865 778 1934 ita
797 1867 924 1956 loquar,
945 1887 1055 1954 ungue
1079 1853 1230 1955 palpavit,
1265 1868 1351 1936 hanc

322 1984 481 2072 querulus
501 1991 651 2070 erumpet
669 1981 854 2050 invocem:
877 1981 957 2049 Ecce
983 1983 1158 2050 lntibnlnni
1183 1983 1277 2071 petit,
1307 1992 1348 2066 et,

321 2098 380 2166 snb
401 2098 500 2165 colore
515 2098 725 2187 poenitentioe,
746 2099 854 2166 Romae
872 2099 1088 2186 subterfugiens
1114 2101 1230 2188 qnaerit
1251 2121 1352 2166 nems-

322 2235 416 2296 anm,
449 2211 573 2282 lucrari
603 2214 810 2282 machinatur
841 2214 879 2280 de
906 2214 1120 2282 inobedientia
1152 2217 1256 2282 utinm
1266 2239 1280 2298 ,·
1310 2224 1351 2298 et,

322 2331 443 2398 coeteris
474 2331 512 2397 in
542 2330 625 2397 bellu
656 2330 836 2411 inentibus,
869 2329 922 2396 bio
947 2329 1010 2396 sibi
1037 2330 1201 2418 &pencris
1230 2331 1353 2397 nmbrae

267 2477 274 2490 ·
323 2443 439 2531 qnoerit
459 2463 604 2530 opacum.
627 2441 688 2509 Sed
710 2462 769 2529 ego
788 2441 850 2508 hoc
882 2451 992 2508 sancto
1022 2441 1147 2509 Satanae
1178 2462 1251 2509 meo
1283 2461 1353 2509 res-

324 2558 452 2646 pondeo
471 2559 557 2646 quod
589 2557 646 2623 filii
676 2557 792 2624 Ruben
817 2567 848 2623 et
879 2555 946 2624 Gad
975 2557 1086 2646 Moysi,
1120 2557 1248 2625 ductori
1279 2577 1352 2638 suo,

324 2673 531 2760 respondisse
570 2685 775 2740 noscuntur:
819 2671 894 2754 Nos,
943 2671 1108 2760 inquiunt,
1159 2674 1282 2740 armati
1327 2684 1355 2742 et

325 2787 458 2854 accincti
473 2807 642 2875 perpaucos
660 2787 704 2853 nd
718 2787 873 2874 praelinrn
895 2795 970 2854 unte
999 2787 1085 2874 {ilios
1114 2788 1231 2869 Israel,
1261 2789 1357 2855 donec

326 2901 571 2969 introducamus
590 2885 700 2969 eos'ud
720 2902 787 2969 loco
805 2923 866 2969 sna
883 2900 937 2990 (b).
962 2924 976 2967 a

372 3011 533 3101 Pugnabit
570 3033 648 3101 ergo
686 3013 872 3096 damianus,
901 3013 1087 3102 pontificem
1118 3014 1200 3102 ipse,
1222 3013 1358 3102 proprio

328 3127 484 3197 Ostiensis
522 3128 665 3197 ecclesiae
698 3128 786 3215 jure,
830 3129 1053 3212 consecrabit;
1094 3149 1132 3196 ac
1167 3140 1291 3220 postea,
1327 3129 1354 3197 si

329 3243 435 3324 liceat,
458 3245 598 3312 recedet.
621 3244 716 3328 Tum,
739 3244 778 3311 ad
796 3244 899 3311 Deum
925 3263 1124 3312 conversus:
1160 3267 1175 3310 o
1210 3245 1266 3311 llle
1296 3244 1358 3310 mi-

331 3379 440 3426 serum
479 3358 611 3425 Petrum
648 3361 688 3427 de
725 3359 875 3427 manibus
913 3369 1005 3427 eruat
1044 3359 1267 3447 Hildeprandi,
1318 3363 1357 3428 ad

333 3474 444 3564 cujus
466 3475 641 3564 imperium
680 3495 798 3563 magno
835 3475 929 3542 Petro
968 3476 1071 3564 patuit
1108 3496 1219 3544 carcer
1256 3461 1360 3543 Hero-

333 3590 382 3658 dis
402 3591 463 3681 (3).
489 3615 502 3656 n
670 3672 693 3717 1

379 3803 421 3870 Ex
440 3803 541 3871 biset
560 3803 720 3872 similibus
743 3803 892 3873 nonnulli
922 3806 961 3873 ad
993 3803 1025 3873 id
1056 3806 1179 3874 inducti
1215 3817 1291 3874 sunt
1323 3817 1360 3874 ut

366 4042 404 4106 (t)
420 4041 513 4106 Opusc.
529 4053 575 4104 xx,
590 4043 751 4107 Apoloqetic.
768 4043 799 4092 ob
811 4044 884 4093 olenii
895 4043 944 4094 SS.
960 4045 1087 4109 episcop,
1098 4035 1182 4109 cap.5
1194 4045 1253 4096 et7.
1282 4065 1287 4074 ·

365 4121 403 4185 (2)
419 4121 508 4183 Num,
521 4135 605 4183 xxnn,
619 4121 659 4172 17.

366 4203 404 4271 (3)
421 4204 513 4266 opusc.
530 4217 576 4266 nn,
588 4218 643 4267 cap,
660 4203 674 4252 1
687 4207 712 4254 et
723 4203 747 4254 7.
