3110 5066
291 689 423 767 scilicet,
457 689 656 773 Theobaldo,
690 708 816 756 necnon
856 688 1027 778 Rodulpbo
1063 687 1317 777 Mayuardoque,

291 823 431 891 quorum
452 813 598 892 tempore
618 803 794 871 damianus
814 801 883 890 ipse
902 801 1037 870 vivebat.

338 915 460 1004 Vigenti
479 916 670 1005 plerumque
689 925 780 984 erant
812 916 846 982 iu
875 914 1023 989 coenobio
1052 913 1215 999 monachi,
1247 915 1319 1004 qui·

293 1031 430 1099 buscum
460 1031 646 1120 quindecim
673 1029 818 1099 conversi
849 1029 1027 1119 famulique
1057 1028 1227 1126 degebant.
1250 1029 1318 1098 Nu·

293 1166 384 1213 mero
405 1147 498 1234 pauci
518 1147 663 1236 quidem,
685 1157 717 1214 at
740 1145 857 1215 virtute
888 1146 1124 1235 praecellentem
1161 1145 1249 1234 quod
1279 1165 1319 1213 eo

293 1271 440 1347 tempore
451 1280 576 1342 mrum,
590 1279 651 1327 nec
665 1259 737 1327 ideo
749 1259 935 1326 mirandum
948 1267 1036 1326 erat:
1057 1283 1071 1324 e
1085 1256 1168 1337 Ouid
1180 1256 1317 1336 mirum,

292 1373 399 1463 inquit
417 1374 602 1457 Damianus,
624 1373 650 1442 si
670 1373 832 1442 defluente
847 1371 916 1462 jam
932 1393 967 1441 ex
987 1371 1127 1441 maxima
1146 1381 1238 1461 parte
1251 1392 1321 1439 mo-

293 1489 415 1558 uastico
434 1489 559 1573 ordine,
583 1490 742 1580 quosdam
763 1509 871 1559 servos
891 1509 967 1558 suos
1000 1488 1203 1578 omnipotens
1232 1488 1319 1558 Deus

293 1606 495 1688 corroborat,
518 1603 575 1693 qui
594 1614 626 1673 et
644 1625 718 1694 quae
735 1605 801 1674 vult
820 1604 853 1672 iu
872 1603 1045 1673 arboribus
1071 1603 1161 1689 folia,
1194 1603 1319 1674 caeteris
1398 1641 1399 1644 ¹

293 1719 526 1789 decedentibus
544 1718 621 1808 ligat
642 1719 699 1809 (t).
728 1741 743 1784 s

340 1836 422 1904 Tum
453 1833 666 1903 eremitarum
695 1833 791 1901 vitam
823 1833 988 1920 describit,
1022 1853 1096 1923 quae
1127 1843 1239 1923 postea
1265 1835 1321 1904 diat

294 1949 494 2020 successuris
514 1951 757 2019 documentum.
933 1931 940 1938 ’

342 2089 355 2131 c
378 2064 503 2132 Radant
523 2073 619 2152 caput
637 2085 697 2154 per
715 2083 844 2132 meuses
875 2061 1033 2152 singulos,
1066 2063 1207 2154 exceptis
1234 2085 1321 2154 qua·

293 2177 485 2270 dragesimis
505 2178 643 2261 duabus,
664 2197 738 2269 quae
756 2177 913 2246 nimirum
934 2177 1004 2247 siue
1023 2179 1149 2247 lavacro
1176 2179 1320 2268 capitum

294 2295 513 2384 transigendae
521 2286 609 2363 sunt.
626 2283 752 2363 Balneis
763 2315 852 2378 vero,
868 2293 894 2362 si
910 2293 1030 2364 fuerint
1042 2293 1236 2380 incolumes,
1250 2315 1320 2364 noo

293 2419 475 2480 utantur.)

338 2526 374 2594 ln
393 2533 485 2615 parte
503 2533 612 2592 autem
645 2522 721 2592 anni
751 2522 892 2592 circiter·
910 2522 1056 2607 dimidia,
1072 2511 1074 2518 ⁴
1089 2505 1230 2614 quatuor
1261 2547 1320 2615 per
1394 2549 1400 2564 ¹

295 2639 529 2708 hebdomadem
549 2637 663 2706 diebus
678 2635 870 2728 jejunabant
887 2637 1016 2722 iratres,
1037 2647 1155 2706 caetero
1173 2647 1322 2730 tempore

186 2773 189 2780 ·
251 2739 255 2748 ’
295 2755 440 2844 quinque
478 2753 615 2836 diebus;
643 2763 784 2843 utraque
815 2763 925 2822 autem
954 2753 1214 2843 quadragesima,
1247 2777 1322 2845 quae

294 2891 354 2939 seu
374 2869 515 2938 natalem
535 2867 662 2937 Domini
678 2868 778 2952 diem,
799 2889 856 2938 seu
877 2868 999 2937 Pascha
1023 2869 1235 2958 praecedebat,
1268 2891 1322 2940 sex

182 3032 183 3036 η
297 2984 423 3055 diebus.
445 2984 634 3074 Jejunantes
654 2994 764 3053 autem
785 2984 886 3053 semel
904 2983 938 3051 in
957 2983 1009 3052 die
1037 3004 1160 3054 mensae
1189 3006 1320 3055 accum-

296 3099 431 3181 bebant,
454 3093 577 3188 absbue
595 3097 775 3187 pulmento.
799 3120 817 3166 a
836 3095 990 3186 Jejunare
1008 3096 1079 3167 illos
1098 3096 1237 3167 dicimus
1263 3099 1321 3190 qui

297 3234 414 3302 panem
434 3213 588 3282 cumsaie
616 3222 648 3282 et
674 3233 758 3302 aqua
783 3213 979 3303 percipiunt.
1011 3213 1073 3282 Ubi
1102 3223 1222 3303 praeter
1251 3215 1322 3286 baec

268 3354 270 3360 ’
299 3329 422 3420 aliquid
449 3329 590 3414 additur,
624 3329 659 3398 iu
686 3329 803 3397 Eremo
829 3328 992 3420 jejunium
1022 3350 1089 3399 uon
1118 3341 1261 3401 vocatur.
1304 3356 1320 3399 r

300 3445 375 3513 Erat
394 3455 426 3514 et
445 3462 598 3513 mensura
617 3444 724 3535 panis,
745 3465 847 3534 quare
876 3445 1015 3535 quisque
1047 3447 1148 3515 frater
1178 3445 1212 3514 iu
1242 3447 1322 3518 cella

189 3559 191 3561 ’
231 3612 234 3618 .
302 3562 410 3629 lauces
434 3559 585 3627 babebat.
623 3583 637 3625 a
670 3559 708 3627 Et
736 3569 772 3628 ut
802 3560 890 3628 nulla
919 3560 1066 3629 dubietas
1099 3581 1198 3650 super
1216 3561 1328 3652 hujus·

221 3752 224 3757 ,
301 3674 388 3744 modi
425 3693 580 3743 mensura
616 3685 794 3759 remaneat,
834 3695 949 3744 novem
986 3675 1135 3746 ornicum
1171 3679 1221 3748 vel
1265 3678 1329 3748 tria

300 3808 455 3859 anserum
474 3811 533 3858 ova
550 3789 676 3860 libratis
695 3791 842 3861 lancibus
861 3793 1063 3862 tantumdem
1079 3795 1287 3884 pensautffi).
1309 3820 1324 3862 a
1349 3846 1351 3852 .

346 3908 372 3975 Α
405 3905 532 3997 jejunio
567 3916 676 3976 autem
703 3906 938 3992 abstinebatur,
969 3917 1036 3978 toto
1065 3909 1197 4000 quidem
1228 3929 1325 3998 anuo,

333 4091 368 4156 (1)
383 4091 469 4156 Dam„
482 4104 569 4156 opusc.
582 4104 638 4157 nr,
651 4091 691 4144 De
702 4091 798 4144 ordine
811 4093 996 4146 monitorum.

331 4171 367 4238 (2)
382 4171 467 4232 Dum„
479 4186 568 4239 opusc.
579 4185 625 4239 xv,
638 4172 678 4225 De
690 4185 747 4225 suoe
758 4174 973 4240 conyrequtiouia
983 4173 1126 4241 institutis,
1141 4189 1198 4242 cap.
1213 4175 1238 4228 8.
