3110 5066
514 567 516 572 ’
622 595 780 658 -te-

230 726 371 796 Suorum
390 725 487 794 mmul
506 725 625 814 pietati
637 726 823 816 providens,
839 727 949 798 Mariae
959 727 1100 818 Virginis
1111 728 1214 798 horas

188 842 332 930 quotidie
350 841 545 926 recitandas,
566 852 726 933 sextaeque
745 843 836 912 feriae
851 843 1015 934 jejunium
1041 844 1075 913 in
1100 845 1210 914 Crucis

185 957 344 1025 honorem
374 957 625 1026 restaurandum
654 957 788 1026 curavit.
823 958 914 1027 Unde
944 959 1088 1026 creditur
1120 960 1211 1028 itroi-

184 1068 250 1138 lani
270 1067 380 1137 Fontis
398 1089 558 1154 eremum,
581 1069 617 1170 tt
638 1070 774 1139 Andreae
792 1071 962 1159 hucusque
990 1069 1144 1152 dicatum,
1176 1072 1207 1140 S.

184 1183 299 1263 Crucis
332 1195 443 1273 postca
474 1184 681 1273 usurpavisse
717 1205 849 1254 nomen.
883 1185 1041 1254 Caeterum
1064 1185 1210 1254 'instituti

187 1321 206 1368 a
225 1299 319 1369 Petro
338 1300 516 1370 devotionis
534 1321 614 1370 usus
634 1321 695 1391 por.
711 1311 817 1370 totam·
830 1301 919 1392 brevi
938 1300 1061 1370 ltaliam
1088 1302 1209 1390 recepti

182 1425 270 1484 sunt.

229 1531 289 1600 Sed
309 1551 375 1599 non
394 1530 472 1600 satis
490 1532 613 1600 habens
633 1552 735 1601 unum
753 1530 982 1600 administrare
1011 1531 1209 1615 coenobium,

185 1646 370 1729 Damianos,
382 1656 494 1736 utpote
506 1667 624 1736 magno
638 1647 706 1715 zelo
720 1645 951 1729 inflammatus,
966 1645 1029 1714 alia
1050 1647 1208 1737 quinque,

186 1782 244 1851 per
265 1760 407 1830 diversas
426 1761 572 1851 ejusdem
591 1761 734 1850 regionis
747 1771 867 1851 partes,
888 1761 1084 1830 monasteria
1110 1762 1211 1830 aedifi-

183 1875 288 1944 cavit:
310 1876 344 1943 in
363 1875 584 1946 camerinensi
604 1876 735 1946 dioecesi
754 1875 916 1966 primum;
946 1896 1019 1943 mor
1049 1877 1088 1944 ad
1123 1877 1211 1944 Mon·

186 2003 251 2060 tem
270 1991 419 2080 Regium,
441 1991 475 2058 in
495 1991 660 2060 territorio
681 1991 849 2071 Perusino,
871 1991 927 2058 ubi
947 1991 1061 2058 cellam
1089 1992 1212 2079 reperit

186 2127 284 2196 quam
305 2107 339 2177 B.
362 2106 579 2192 Romuaidum
599 2106 773 2175 incoluisse
792 2106 957 2189 ferebant;
974 2115 1043 2174 tum
1063 2105 1210 2174 Gemonii

185 2232 218 2290 et
235 2223 389 2303 secretae,
410 2221 443 2289 in
463 2221 655 2305 Faventino;
676 2221 765 2290 alind
784 2222 924 2312 denique
954 2221 987 2288 in
1016 2221 1211 2291 Ariminensi

188 2330 288 2425 agro,¹
300 2337 334 2403 in
353 2338 423 2405 loco
442 2337 496 2426 qui
513 2337 715 2405 Musonianum
734 2317 943 2425 nuncubatur
961 2336 1018 2424 (1).
1035 2337 1091 2404 His
1104 2356 1212 2423 coeno-

186 2453 260 2534 biis,
283 2451 316 2519 in
336 2453 482 2520 eamdem
503 2450 786 2540 congregationem
816 2451 946 2538 coactis,
979 2450 1087 2519 Fontis
1121 2451 1211 2518 Avel-

185 2568 250 2636 tani
280 2586 410 2636 eremus
443 2577 540 2655 caput
571 2565 685 2648 extitit,
717 2587 815 2655 quem
847 2565 915 2655 ipse
947 2587 1014 2653 prae
1043 2557 1208 2648 omnibus,

183 2693 340 2772 tanquam
358 2681 503 2762 unicum,
526 2680 702 2750 Damianus
719 2681 883 2769 diligebat.
911 2681 989 2749 Inde
1021 2701 1107 2769 saepe
1136 2701 1212 2768 pro-

187 2798 301 2876 iectus,
332 2807 368 2864 ut
397 2807 531 2890 caeteros
563 2797 679 2864 iratres
708 2795 863 2865 sollicitus
894 2795 1056 2878 inviseret,
1092 2795 1211 2882 saepius

186 2911 351 3000 epistolas,
373 2909 646 2999 charissimosqne
666 2909 728 2978 sibi
741 2909 928 2998 discipulos,
945 2929 1009 2976 non
1023 2909 1062 2977 ad
1080 2909 1212 2998 propria

185 3027 304 3110 solum,
326 3027 382 3095 sed
402 3027 440 3093 ad
462 3025 572 3094 omnia
590 3025 713 3094 circum
732 3025 940 3106 monasteria,
958 3036 1112 3113 tanquam
1126 3045 1210 3093 corn·

184 3141 295 3209 munis
315 3151 418 3230 pater,
440 3139 611 3228 dirigebat.

229 3256 409 3324 Nonnullos
431 3265 509 3324 tunc
527 3254 614 3323 domi
635 3254 751 3322 eximia
771 3253 938 3322 sanctitate
962 3253 1048 3322 viros
1078 3253 1207 3336 habuit,

185 3372 267 3441 duos
286 3371 320 3439 in
340 3371 454 3459 primis
481 3391 575 3460 qnos,
610 3371 724 3438 eodem
748 3369 816 3437 fere
848 3379 997 3458 tempore
1027 3368 1209 3450 deiunctos‚

184 3487 298 3556 eodem
318 3486 388 3575 ipse
407 3485 577 3574 opusculo,
592 3485 770 3554 Alexandro
790 3484 818 3552 ΙΙ
837 3483 979 3574 pontifici
993 3483 1111 3561 dicato,
1128 3484 1212 3552 cele·

189 3600 293 3670 bravit
310 3598 364 3688 (F).

235 3717 360 3785 Horum
378 3714 470 3805 prior
489 3715 524 3782 B.
547 3702 749 3803 Rodutphm,
771 3713 881 3783 Fontis
901 3713 1046 3802 primurn
1073 3712 1213 3781 Avellani

189 3831 383 3913 monachus,
405 3829 593 3919 Eugubinus
612 3829 686 3898 dein
706 3829 890 3919 episcopus
907 3827 963 3918 qui
976 3828 1028 3898 die
1038 3827 1125 3918 junii
1136 3846 1213 3896 xxvi
1268 3901 1279 3931 ι

190 3946 319 4016 colitur.
341 3945 428 4015 Alter
446 3945 646 4026 Dominicus‚
667 3946 861 4036 cognomine
881 3944 1058 4029 Loricatus‚
1080 3945 1213 4035 quiduo

223 4142 261 4205 (t)
280 4141 387 4194 Vtrae.
402 4142 478 4194 Petri
493 4143 635 4207 Dcmtcni,
647 4156 695 4208 per
704 4143 832 4195 ioannem
847 4155 928 4196 mon„
941 4153 997 4204 cap.
1012 4151 1059 4190 vn.

220 4222 257 4287 (2)
275 4222 339 4275 Vita
350 4221 401 4276 SS.
412 4223 552 4288 Rodutpht
561 4231 588 4276 et
597 4223 737 4276 Dotnintci
747 4223 875 4275 Loricctt.

944 4311 954 4348 r
