3116 5050
1232 521 1251 556 ¹0

745 635 786 649 -
804 599 845 662 68
864 634 905 649 .-

352 731 615 803 Eamiliarissime
634 733 807 802 Damianos
826 753 900 801 cum
925 731 1157 817 Hildebrando,
1185 731 1338 802 summis·

307 871 371 940 que
390 849 596 940 pontificibus
627 847 764 918 vivebat.
799 847 891 916 Unde
922 868 1004 916 nora
1034 846 1176 916 fastidia.
1204 847 1337 917 Nobiles

305 965 392 1034 enim
412 985 486 1041 cum
506 963 690 1052 benigniori
710 963 779 1031 viro
809 961 904 1031 amici
935 961 1070 1030 liberius
1101 962 1251 1050 agebant.
1284 961 1337 1032 sie

304 1077 455 1148 Nicolaus
477 1078 516 1161 ll,
538 1077 590 1146 die
609 1078 761 1166 quadam,
782 1075 902 1145 Ostiam
922 1097 998 1146 cum
1017 1076 1237 1146 Hildebrando
1256 1098 1336 1168 pro-

303 1194 418 1277 leetus,
440 1201 573 1261 ornatus
593 1193 669 1260 inde
683 1191 894 1280 episcopales,
910 1191 1181 1281 episcopatusque
1194 1212 1335 1280 proven·

303 1320 396 1394 tuum
433 1307 590 1397 quidquid
627 1305 766 1398 reperiri
797 1317 959 1396 potuerat,
991 1307 1124 1375 absente
1161 1307 1332 1392 Damiano,

301 1424 413 1492 retulit
438 1423 495 1509 (l).
535 1423 644 1491 Eidem
675 1423 854 1492 Alexander
883 1422 913 1490 ll
946 1421 1067 1490 librum
1101 1422 1227 1491 furatus
1258 1433 1331 1492 est:

304 1563 322 1604 c
342 1538 428 1607 Tulit
446 1539 568 1608 librum
584 1548 745 1621 nostrum,
766 1558 864 1627 quem
884 1537 1032 1606 videlicet
1052 1539 1090 1606 de
1104 1541 1333 1626 paupertatula

300 1655 408 1744 inopis
436 1652 591 1742 ingenioli
620 1673 741 1742 magno
765 1653 877 1721 labore
907 1653 1146 1743 decerpseram,
1182 1664 1215 1722 et
1244 1655 1333 1724 velut

302 1751 436 1837 unicum
456 1767 560 1834 lilium
579 1766 666 1834 ulnis
690 1767 827 1835 uterinae
857 1766 1035 1835 dulcedinis
1070 1767 1330 1856 amplectebar...

301 1883 412 1966 Nocte,
434 1903 486 1950 me
505 1881 682 1964 nesciente,
705 1878 789 1965 tulit,
825 1883 959 1971 suisque
991 1882 1121 1951 scriniis
1151 1883 1327 1953 insarcivit.

300 1998 407 2079 Quum
427 1998 661 2086 expostulatur,
684 1996 817 2078 arridet,
839 1991 1001 2087 caputque
1020 2017 1143 2081 meum,
1176 2009 1333 2089 tanquam

299 2116 383 2191 oleo.
401 2113 523 2203 jocosae
541 2111 735 2180 urbanitatis
764 2113 921 2181 suavitate
954 2113 1155 2181 demulcet...
1189 2113 1331 2186 Proinde

303 2229 459 2298 Dominus
479 2228 602 2328 noster,
635 2227 712 2316 quia
743 2247 802 2294 sua
834 2227 928 2295 nobis
946 2224 1105 2316 'praebere
1131 2249 1198 2296 non
1226 2243 1329 2315 vacat,

301 2365 367 2412 non
388 2344 501 2410 saltem
521 2361 595 2431 quae
614 2350 726 2407 nostra
744 2351 821 2408 sunt
840 2341 929 2408 tollat
955 2339 1024 2429 (⁶2).
1062 2365 1076 2406 a
1109 2341 1193 2410 Alias
1220 2342 1329 2432 ipsum

207 2499 210 2504 -
302 2458 530 2537 Alexandrum,
569 2477 588 2522 a
624 2476 689 2545 quo
720 2455 849 2543 gravius
879 2455 955 2544 quid
989 2477 1104 2544 passus
1137 2469 1218 2543 erat,
1250 2460 1330 2527 allo-

302 2583 418 2640 cutus:
444 2593 457 2634 «
480 2569 661 2650 Multitudo,
683 2568 801 2658 inquit,
823 2589 969 2638 meorum
988 2570 1147 2638 scelerum
1169 2571 1266 2660 exigit
1294 2585 1331 2642 ut

302 2684 329 2752 is
349 2684 444 2752 etiam
476 2681 618 2772 propriis
637 2681 788 2750 manibus
808 2701 881 2749 mco
901 2683 1025 2772 pectori
1045 2684 1161 2752 vulnus
1187 2685 1327 2775 infligat,

301 2819 361 2888 pro
382 2819 446 2887 quo
464 2817 530 2866 non
550 2796 710 2864 enerviter
728 2806 828 2880 stans,
851 2798 1005 2866 adversus
1031 2808 1135 2866 totum
1149 2816 1152 2822 ’
1166 2802 1327 2868 mundum

301 2924 465 2982 certamen
484 2911 656 2999 assumpsi.
690 2911 831 2996 Hoccine
862 2911 955 2995 mihi,
989 2913 1188 2984 Venerabilis
1220 2926 1326 3004 pater,

302 3027 455 3096 meritum
473 3025 642 3095 reddidisti
660 3025 714 3114 (3).
741 3048 754 3090 a

343 3311 448 3394 Quare
468 3307 691 3402 episcopatum
724 3307 786 3379 sibi
817 3307 929 3382 liceret
958 3313 1120 3408 deponere
1151 3317 1254 3408 magis
1287 3341 1326 3390 ac

299 3431 401 3520 magis
438 3430 562 3498 orabat.
602 3427 723 3496 Annuit
759 3429 891 3496 demum
932 3431 1134 3500 Alexander:
1185 3433 1325 3506 Ostiensi

297 3546 405 3637 primo
425 3566 498 3613 eum
519 3544 685 3626 comitatu,
707 3543 781 3611 dein
812 3554 844 3611 et
873 3545 944 3634 ipsa
973 3546 1189 3618 ecclesiastica
1220 3553 1325 3618 admi-

295 3659 486 3729 nistratione
507 3657 702 3728 exoneravit.
731 3658 777 3725 Ad
809 3659 996 3727 Avellanum
1028 3659 1163 3736 Fontem
1194 3664 1329 3733 recessit

202 3811 204 3814 >
295 3776 421 3844 Petrus.
444 3775 524 3843 Eum
552 3785 673 3854 tamen,
711 3773 818 3861 quoad
848 3773 993 3859 titulum,
1025 3774 1204 3846 Ostiensem
1236 3781 1323 3870 epis-

323 4063 360 4125 (l)
377 4063 458 4126 Epist.
475 4076 494 4124 1,
508 4062 533 4126 8,
546 4063 591 4112 Ad
603 4060 694 4111 Nicol.
710 4059 743 4110 ΙΙ
752 4067 778 4110 et
789 4061 973 4112 Hildobracd.

322 4144 358 4208 θ)
374 4145 453 4206 Epist.
467 4155 496 4206 11,
510 4143 535 4202 6,
549 4143 593 4192 Ad
605 4140 729 4190 Hildebr.
742 4147 769 4190 et
781 4141 912 4204 Stephon.
926 4143 1001 4192 card.

237 4223 239 4225 ’
320 4223 359 4288 (3)
378 4221 458 4288 Epist.
472 4235 492 4285 r,
505 4221 546 4271 tt.
