<?xml version="1.0" encoding="UTF-8"?>
<!DOCTYPE html PUBLIC "-//W3C//DTD XHTML 1.0 Transitional//EN"
    "http://www.w3.org/TR/xhtml1/DTD/xhtml1-transitional.dtd">
<html xmlns="http://www.w3.org/1999/xhtml" xml:lang="en" lang="en">
 <head>
  <title>
</title>
<meta http-equiv="Content-Type" content="text/html;charset=utf-8" />
  <meta name='ocr-system' content='tesseract 3.04.00' />
  <meta name='ocr-capabilities' content='ocr_page ocr_carea ocr_par ocr_line ocrx_word'/>
</head>
<body>
  <div class='ocr_page' id='page_1' title='image "./depetrodamianoo00guergoog_0044.png"; bbox 0 0 3110 5066; ppageno 0'>
   <div class='ocr_carea' id='block_1_1' title="bbox 631 620 791 698">
    <p class='ocr_par' dir='ltr' id='par_1_1' title="bbox 631 620 791 698">
     <span class='ocr_line' id='line_1_1' title="bbox 631 620 791 698; baseline 0.006 -34"><span class='ocrx_word' id='word_1_1' title='bbox 631 620 731 698; x_wconf 43' lang='lat'><strong>-325</strong></span> <span class='ocrx_word' id='word_1_2' title='bbox 752 655 791 665; x_wconf 90' lang='lat'><strong>..</strong></span> 
     </span>
    </p>
   </div>
   <div class='ocr_carea' id='block_1_2' title="bbox 198 732 1335 952">
    <p class='ocr_par' dir='ltr' id='par_1_2' title="bbox 198 732 1335 952">
     <span class='ocr_line' id='line_1_2' title="bbox 198 732 1335 841; baseline 0.001 -23"><span class='ocrx_word' id='word_1_3' title='bbox 198 751 397 839; x_wconf 75' lang='lat' dir='ltr'><strong>plectamur:</strong></span> <span class='ocrx_word' id='word_1_4' title='bbox 421 749 566 828; x_wconf 84' lang='lat' dir='ltr'><strong>«Verba</strong></span> <span class='ocrx_word' id='word_1_5' title='bbox 577 749 651 819; x_wconf 84' lang='lat' dir='ltr'><strong>vitae</strong></span> <span class='ocrx_word' id='word_1_6' title='bbox 680 751 809 841; x_wconf 91' lang='lat' dir='ltr'><strong>populis</strong></span> <span class='ocrx_word' id='word_1_7' title='bbox 837 771 904 821; x_wconf 93' lang='lat' dir='ltr'><strong>non</strong></span> <span class='ocrx_word' id='word_1_8' title='bbox 937 752 1042 820; x_wconf 91' lang='lat' dir='ltr'><strong>solum</strong></span> <span class='ocrx_word' id='word_1_9' title='bbox 1078 750 1222 835; x_wconf 84' lang='lat' dir='ltr'><strong>vocibus,</strong></span> <span class='ocrx_word' id='word_1_10' title='bbox 1333 732 1335 737; x_wconf 36' lang='lat'><strong>¹</strong></span> 
     </span>
     <span class='ocr_line' id='line_1_3' title="bbox 198 861 799 952; baseline -0.002 -20"><span class='ocrx_word' id='word_1_11' title='bbox 198 863 255 933; x_wconf 91' lang='lat' dir='ltr'><strong>sed</strong></span> <span class='ocrx_word' id='word_1_12' title='bbox 274 872 306 932; x_wconf 89' lang='lat' dir='ltr'><strong>et</strong></span> <span class='ocrx_word' id='word_1_13' title='bbox 323 861 470 932; x_wconf 89' lang='lat' dir='ltr'><strong>moribus</strong></span> <span class='ocrx_word' id='word_1_14' title='bbox 489 861 679 933; x_wconf 79' lang='lat' dir='ltr'><strong>nuntiemus</strong></span> <span class='ocrx_word' id='word_1_15' title='bbox 698 863 759 952; x_wconf 83' lang='lat' dir='ltr'><strong>(lt.</strong></span> <span class='ocrx_word' id='word_1_16' title='bbox 784 887 799 931; x_wconf 78' lang='lat' dir='ltr'><strong>s</strong></span> 
     </span>
    </p>
   </div>
   <div class='ocr_carea' id='block_1_3' title="bbox 198 1097 1231 1903">
    <p class='ocr_par' dir='ltr' id='par_1_3' title="bbox 198 1097 1231 1903">
     <span class='ocr_line' id='line_1_4' title="bbox 198 1097 1226 1211; baseline 0.002 -23"><span class='ocrx_word' id='word_1_17' title='bbox 198 1103 203 1114; x_wconf 74' lang='grc'><strong>’</strong></span> <span class='ocrx_word' id='word_1_18' title='bbox 242 1118 369 1200; x_wconf 87' lang='lat' dir='ltr'><strong>Quanta</strong></span> <span class='ocrx_word' id='word_1_19' title='bbox 387 1097 546 1188; x_wconf 80' lang='lat' dir='ltr'><strong>modestia</strong></span> <span class='ocrx_word' id='word_1_20' title='bbox 561 1119 659 1188; x_wconf 84' lang='lat' dir='ltr'><strong>luerit</strong></span> <span class='ocrx_word' id='word_1_21' title='bbox 688 1119 802 1189; x_wconf 88' lang='lat' dir='ltr'><strong>Petrus</strong></span> <span class='ocrx_word' id='word_1_22' title='bbox 834 1140 873 1189; x_wconf 86' lang='lat' dir='ltr'><strong>ex</strong></span> <span class='ocrx_word' id='word_1_23' title='bbox 901 1119 989 1190; x_wconf 90' lang='lat' dir='ltr'><strong>illius</strong></span> <span class='ocrx_word' id='word_1_24' title='bbox 1022 1121 1156 1211; x_wconf 88' lang='lat' dir='ltr'><strong>epistola</strong></span> <span class='ocrx_word' id='word_1_25' title='bbox 1186 1122 1226 1192; x_wconf 93' lang='lat' dir='ltr'><strong>ad</strong></span> 
     </span>
     <span class='ocr_line' id='line_1_5' title="bbox 199 1235 1227 1332; baseline 0.004 -28"><span class='ocrx_word' id='word_1_26' title='bbox 199 1235 392 1326; x_wconf 86' lang='lat' dir='ltr'><strong>Damianum</strong></span> <span class='ocrx_word' id='word_1_27' title='bbox 411 1236 559 1320; x_wconf 84' lang='lat' dir='ltr'><strong>fratrem,</strong></span> <span class='ocrx_word' id='word_1_28' title='bbox 581 1237 800 1332; x_wconf 87' lang='lat' dir='ltr'><strong>Ravennatem</strong></span> <span class='ocrx_word' id='word_1_29' title='bbox 820 1248 898 1307; x_wconf 88' lang='lat' dir='ltr'><strong>tunc</strong></span> <span class='ocrx_word' id='word_1_30' title='bbox 909 1239 1227 1329; x_wconf 80' lang='lat' dir='ltr'><strong>archipresbyterum</strong></span> 
     </span>
     <span class='ocr_line' id='line_1_6' title="bbox 199 1349 1229 1442; baseline 0.001 -23"><span class='ocrx_word' id='word_1_31' title='bbox 199 1349 352 1438; x_wconf 84' lang='lat' dir='ltr'>colligere</span> <span class='ocrx_word' id='word_1_32' title='bbox 369 1349 467 1427; x_wconf 88' lang='lat' dir='ltr'><strong>licet:</strong></span> <span class='ocrx_word' id='word_1_33' title='bbox 491 1374 508 1412; x_wconf 83' lang='lat' dir='ltr'><strong>n</strong></span> <span class='ocrx_word' id='word_1_34' title='bbox 529 1349 700 1438; x_wconf 86' lang='lat' dir='ltr'><strong>Superbia,</strong></span> <span class='ocrx_word' id='word_1_35' title='bbox 733 1349 851 1440; x_wconf 87' lang='lat' dir='ltr'><strong>inquit,</strong></span> <span class='ocrx_word' id='word_1_36' title='bbox 882 1350 994 1434; x_wconf 83' lang='lat' dir='ltr'><strong>libido,</strong></span> <span class='ocrx_word' id='word_1_37' title='bbox 1029 1351 1089 1435; x_wconf 90' lang='lat' dir='ltr'><strong>ira,</strong></span> <span class='ocrx_word' id='word_1_38' title='bbox 1123 1353 1229 1442; x_wconf 87' lang='lat' dir='ltr'><strong>impa-</strong></span> 
     </span>
     <span class='ocr_line' id='line_1_7' title="bbox 199 1463 1228 1556; baseline 0.004 -24"><span class='ocrx_word' id='word_1_39' title='bbox 199 1465 323 1547; x_wconf 89' lang='lat' dir='ltr'><strong>tientia,</strong></span> <span class='ocrx_word' id='word_1_40' title='bbox 343 1465 477 1548; x_wconf 89' lang='lat' dir='ltr'><strong>malitia,</strong></span> <span class='ocrx_word' id='word_1_41' title='bbox 499 1463 631 1548; x_wconf 88' lang='lat' dir='ltr'><strong>invidia,</strong></span> <span class='ocrx_word' id='word_1_42' title='bbox 652 1465 739 1554; x_wconf 83' lang='lat' dir='ltr'><strong>gula,</strong></span> <span class='ocrx_word' id='word_1_43' title='bbox 763 1463 928 1551; x_wconf 63' lang='lat' dir='ltr'><strong>ebrietas</strong></span> <span class='ocrx_word' id='word_1_44' title='bbox 950 1467 1228 1556; x_wconf 88' lang='lat' dir='ltr'><strong>concupiscentia,</strong></span> 
     </span>
     <span class='ocr_line' id='line_1_8' title="bbox 200 1562 1227 1671; baseline 0.004 -24"><span class='ocrx_word' id='word_1_45' title='bbox 200 1562 342 1670; x_wconf 55' lang='lat' dir='ltr'><strong>rapina.</strong></span> <span class='ocrx_word' id='word_1_46' title='bbox 365 1579 584 1663; x_wconf 91' lang='lat' dir='ltr'><strong>mendacium,</strong></span> <span class='ocrx_word' id='word_1_47' title='bbox 617 1580 801 1670; x_wconf 88' lang='lat' dir='ltr'><strong>perjurium</strong></span> <span class='ocrx_word' id='word_1_48' title='bbox 832 1581 1121 1671; x_wconf 88' lang='lat' dir='ltr'><strong>supplantaverunt</strong></span> <span class='ocrx_word' id='word_1_49' title='bbox 1151 1603 1204 1652; x_wconf 91' lang='lat' dir='ltr'><strong>me</strong></span> <span class='ocrx_word' id='word_1_50' title='bbox 1218 1605 1227 1667; x_wconf 90' lang='lat'>;</span> 
     </span>
     <span class='ocr_line' id='line_1_9' title="bbox 200 1695 1231 1786; baseline 0.004 -22"><span class='ocrx_word' id='word_1_51' title='bbox 200 1705 297 1786; x_wconf 89' lang='lat' dir='ltr'><strong>atque</strong></span> <span class='ocrx_word' id='word_1_52' title='bbox 316 1695 426 1765; x_wconf 88' lang='lat' dir='ltr'><strong>omnia</strong></span> <span class='ocrx_word' id='word_1_53' title='bbox 444 1695 532 1780; x_wconf 89' lang='lat' dir='ltr'><strong>vitia,</strong></span> <span class='ocrx_word' id='word_1_54' title='bbox 554 1697 640 1764; x_wconf 88' lang='lat' dir='ltr'><strong>velut</strong></span> <span class='ocrx_word' id='word_1_55' title='bbox 659 1697 834 1766; x_wconf 84' lang='lat' dir='ltr'><strong>frementes</strong></span> <span class='ocrx_word' id='word_1_56' title='bbox 853 1697 979 1780; x_wconf 75' lang='lat' dir='ltr'><strong>bestie,</strong></span> <span class='ocrx_word' id='word_1_57' title='bbox 994 1701 1231 1768; x_wconf 87' lang='lat' dir='ltr'><strong>devoraverunt</strong></span> 
     </span>
     <span class='ocr_line' id='line_1_10' title="bbox 201 1811 1231 1903; baseline 0.002 -23"><span class='ocrx_word' id='word_1_58' title='bbox 201 1811 344 1880; x_wconf 90' lang='lat' dir='ltr'><strong>animam</strong></span> <span class='ocrx_word' id='word_1_59' title='bbox 362 1831 482 1880; x_wconf 89' lang='lat' dir='ltr'><strong>meam.</strong></span> <span class='ocrx_word' id='word_1_60' title='bbox 508 1835 523 1877; x_wconf 74' lang='lat' dir='ltr'><strong>i</strong></span> <span class='ocrx_word' id='word_1_61' title='bbox 545 1811 676 1880; x_wconf 88' lang='lat' dir='ltr'><strong>Minime</strong></span> <span class='ocrx_word' id='word_1_62' title='bbox 695 1812 834 1881; x_wconf 90' lang='lat' dir='ltr'><strong>dubium</strong></span> <span class='ocrx_word' id='word_1_63' title='bbox 865 1813 945 1903; x_wconf 90' lang='lat' dir='ltr'><strong>quin</strong></span> <span class='ocrx_word' id='word_1_64' title='bbox 978 1813 1028 1882; x_wconf 91' lang='lat' dir='ltr'><strong>vir</strong></span> <span class='ocrx_word' id='word_1_65' title='bbox 1061 1813 1231 1882; x_wconf 88' lang='lat' dir='ltr'><strong>modestis·</strong></span> 
     </span>
    </p>
   </div>
   <div class='ocr_carea' id='block_1_4' title="bbox 104 1926 1228 2018">
    <p class='ocr_par' dir='ltr' id='par_1_4' title="bbox 104 1926 1228 2018">
     <span class='ocr_line' id='line_1_11' title="bbox 104 1926 1228 2018; baseline 0.004 -24"><span class='ocrx_word' id='word_1_66' title='bbox 104 1971 108 1980; x_wconf 88' lang='lat'><em>-</em></span> <span class='ocrx_word' id='word_1_67' title='bbox 201 1926 303 1995; x_wconf 89' lang='lat' dir='ltr'><strong>simus</strong></span> <span class='ocrx_word' id='word_1_68' title='bbox 321 1926 479 2015; x_wconf 80' lang='lat' dir='ltr'><strong>longioris</strong></span> <span class='ocrx_word' id='word_1_69' title='bbox 495 1927 564 2016; x_wconf 90' lang='lat' dir='ltr'><strong>jam</strong></span> <span class='ocrx_word' id='word_1_70' title='bbox 582 1927 655 1996; x_wconf 85' lang='lat' dir='ltr'><strong>vitae</strong></span> <span class='ocrx_word' id='word_1_71' title='bbox 674 1939 817 2017; x_wconf 88' lang='lat' dir='ltr'><strong>peccata,</strong></span> <span class='ocrx_word' id='word_1_72' title='bbox 839 1930 931 2018; x_wconf 87' lang='lat' dir='ltr'><strong>quasi</strong></span> <span class='ocrx_word' id='word_1_73' title='bbox 951 1928 986 1996; x_wconf 93' lang='lat' dir='ltr'><strong>in</strong></span> <span class='ocrx_word' id='word_1_74' title='bbox 1014 1929 1228 2014; x_wconf 88' lang='lat' dir='ltr'><strong>consessione,</strong></span> 
     </span>
    </p>
   </div>
   <div class='ocr_carea' id='block_1_5' title="bbox 167 2041 1298 3983">
    <p class='ocr_par' dir='ltr' id='par_1_5' title="bbox 167 2041 1298 3983">
     <span class='ocr_line' id='line_1_12' title="bbox 202 2041 1231 2135; baseline 0.002 -25"><span class='ocrx_word' id='word_1_75' title='bbox 202 2053 237 2110; x_wconf 86' lang='lat' dir='ltr'><strong>ul</strong></span> <span class='ocrx_word' id='word_1_76' title='bbox 285 2041 416 2124; x_wconf 86' lang='lat' dir='ltr'><strong>dicitur,</strong></span> <span class='ocrx_word' id='word_1_77' title='bbox 468 2043 612 2131; x_wconf 84' lang='lat' dir='ltr'><strong>generali</strong></span> <span class='ocrx_word' id='word_1_78' title='bbox 658 2045 852 2113; x_wconf 81' lang='lat' dir='ltr'><strong>accumulet.</strong></span> <span class='ocrx_word' id='word_1_79' title='bbox 903 2043 1076 2135; x_wconf 87' lang='lat' dir='ltr'><strong>Sequentia</strong></span> <span class='ocrx_word' id='word_1_80' title='bbox 1122 2055 1231 2112; x_wconf 91' lang='lat' dir='ltr'><strong>autem</strong></span> 
     </span>
     <span class='ocr_line' id='line_1_13' title="bbox 202 2157 1229 2250; baseline 0.004 -25"><span class='ocrx_word' id='word_1_81' title='bbox 202 2159 377 2247; x_wconf 85' lang='lat' dir='ltr'><strong>quamdam</strong></span> <span class='ocrx_word' id='word_1_82' title='bbox 397 2157 521 2248; x_wconf 88' lang='lat' dir='ltr'><strong>proprii</strong></span> <span class='ocrx_word' id='word_1_83' title='bbox 540 2157 663 2248; x_wconf 86' lang='lat' dir='ltr'><strong>ingenii</strong></span> <span class='ocrx_word' id='word_1_84' title='bbox 682 2169 804 2243; x_wconf 90' lang='lat' dir='ltr'><strong>notam,</strong></span> <span class='ocrx_word' id='word_1_85' title='bbox 831 2161 917 2250; x_wconf 91' lang='lat' dir='ltr'><strong>quod</strong></span> <span class='ocrx_word' id='word_1_86' title='bbox 947 2161 1050 2250; x_wconf 85' lang='lat' dir='ltr'><strong>magis</strong></span> <span class='ocrx_word' id='word_1_87' title='bbox 1081 2161 1229 2246; x_wconf 87' lang='lat' dir='ltr'><strong>interest,</strong></span> 
     </span>
     <span class='ocr_line' id='line_1_14' title="bbox 203 2272 1231 2365; baseline 0.005 -25"><span class='ocrx_word' id='word_1_88' title='bbox 203 2272 378 2362; x_wconf 87' lang='lat' dir='ltr'><strong>aperiunt:</strong></span> <span class='ocrx_word' id='word_1_89' title='bbox 404 2295 418 2338; x_wconf 84' lang='lat' dir='ltr'><strong>c</strong></span> <span class='ocrx_word' id='word_1_90' title='bbox 442 2272 549 2342; x_wconf 89' lang='lat' dir='ltr'><strong>Unum</strong></span> <span class='ocrx_word' id='word_1_91' title='bbox 569 2273 655 2343; x_wconf 86' lang='lat' dir='ltr'><strong>inter</strong></span> <span class='ocrx_word' id='word_1_92' title='bbox 672 2275 743 2343; x_wconf 84' lang='lat' dir='ltr'><strong>haec</strong></span> <span class='ocrx_word' id='word_1_93' title='bbox 762 2274 905 2344; x_wconf 92' lang='lat' dir='ltr'><strong>amarius</strong></span> <span class='ocrx_word' id='word_1_94' title='bbox 935 2275 1051 2360; x_wconf 81' lang='lat' dir='ltr'><strong>defice,</strong></span> <span class='ocrx_word' id='word_1_95' title='bbox 1082 2297 1147 2365; x_wconf 90' lang='lat' dir='ltr'><strong>quo</strong></span> <span class='ocrx_word' id='word_1_96' title='bbox 1178 2296 1231 2345; x_wconf 90' lang='lat' dir='ltr'><strong>me</strong></span> 
     </span>
     <span class='ocr_line' id='line_1_15' title="bbox 203 2387 1227 2478; baseline 0.004 -23"><span class='ocrx_word' id='word_1_97' title='bbox 203 2387 419 2477; x_wconf 86' lang='lat' dir='ltr'><strong>perniciosius</strong></span> <span class='ocrx_word' id='word_1_98' title='bbox 437 2388 630 2478; x_wconf 84' lang='lat' dir='ltr'><strong>obligatum,</strong></span> <span class='ocrx_word' id='word_1_99' title='bbox 655 2399 736 2458; x_wconf 88' lang='lat' dir='ltr'><strong>teste</strong></span> <span class='ocrx_word' id='word_1_100' title='bbox 768 2390 977 2474; x_wconf 88' lang='lat' dir='ltr'><strong>conscientia,</strong></span> <span class='ocrx_word' id='word_1_101' title='bbox 1008 2411 1227 2478; x_wconf 83' lang='lat' dir='ltr'><strong>recognosc0;</strong></span> 
     </span>
     <span class='ocr_line' id='line_1_16' title="bbox 167 2503 1232 2598; baseline 0.005 -27"><span class='ocrx_word' id='word_1_102' title='bbox 167 2546 170 2552; x_wconf 70' lang='lat'><em>,</em></span> <span class='ocrx_word' id='word_1_103' title='bbox 205 2503 386 2572; x_wconf 86' lang='lat' dir='ltr'><strong>scurrilitas</strong></span> <span class='ocrx_word' id='word_1_104' title='bbox 405 2504 562 2572; x_wconf 91' lang='lat' dir='ltr'><strong>nimirum</strong></span> <span class='ocrx_word' id='word_1_105' title='bbox 583 2505 663 2573; x_wconf 82' lang='lat' dir='ltr'><strong>milri</strong></span> <span class='ocrx_word' id='word_1_106' title='bbox 683 2526 814 2594; x_wconf 90' lang='lat' dir='ltr'><strong>semper</strong></span> <span class='ocrx_word' id='word_1_107' title='bbox 833 2506 1000 2574; x_wconf 81' lang='lat' dir='ltr'><strong>familiaris</strong></span> <span class='ocrx_word' id='word_1_108' title='bbox 1019 2507 1090 2589; x_wconf 89' lang='lat' dir='ltr'><strong>luit,</strong></span> <span class='ocrx_word' id='word_1_109' title='bbox 1112 2528 1186 2598; x_wconf 88' lang='lat' dir='ltr'><strong>quac</strong></span> <span class='ocrx_word' id='word_1_110' title='bbox 1200 2517 1232 2576; x_wconf 91' lang='lat' dir='ltr'><strong>et</strong></span> 
     </span>
     <span class='ocr_line' id='line_1_17' title="bbox 203 2615 1228 2710; baseline 0.005 -24"><span class='ocrx_word' id='word_1_111' title='bbox 203 2615 338 2708; x_wconf 86' lang='lat' dir='ltr'><strong>pro&#39;pter</strong></span> <span class='ocrx_word' id='word_1_112' title='bbox 356 2620 599 2688; x_wconf 88' lang='lat' dir='ltr'><strong>conversionem</strong></span> <span class='ocrx_word' id='word_1_113' title='bbox 619 2642 788 2710; x_wconf 90' lang='lat' dir='ltr'><strong>nunquam</strong></span> <span class='ocrx_word' id='word_1_114' title='bbox 819 2642 870 2689; x_wconf 91' lang='lat' dir='ltr'><strong>me</strong></span> <span class='ocrx_word' id='word_1_115' title='bbox 900 2623 1041 2710; x_wconf 87' lang='lat' dir='ltr'><strong>perlecte</strong></span> <span class='ocrx_word' id='word_1_116' title='bbox 1072 2623 1228 2691; x_wconf 90' lang='lat' dir='ltr'><strong>deseruit.</strong></span> 
     </span>
     <span class='ocr_line' id='line_1_18' title="bbox 204 2732 1298 2826; baseline 0.005 -25"><span class='ocrx_word' id='word_1_117' title='bbox 204 2732 270 2802; x_wconf 91' lang='lat' dir='ltr'><strong>Sub</strong></span> <span class='ocrx_word' id='word_1_118' title='bbox 290 2735 398 2824; x_wconf 88' lang='lat' dir='ltr'><strong>speeie</strong></span> <span class='ocrx_word' id='word_1_119' title='bbox 428 2756 569 2826; x_wconf 87' lang='lat' dir='ltr'><strong>namque</strong></span> <span class='ocrx_word' id='word_1_120' title='bbox 601 2736 780 2826; x_wconf 88' lang='lat' dir='ltr'><strong>spiritualis</strong></span> <span class='ocrx_word' id='word_1_121' title='bbox 810 2736 942 2820; x_wconf 89' lang='lat' dir='ltr'><strong>laetitiae,</strong></span> <span class='ocrx_word' id='word_1_122' title='bbox 975 2740 1135 2806; x_wconf 85' lang='lat' dir='ltr'><strong>domme</strong></span> <span class='ocrx_word' id='word_1_123' title='bbox 1167 2739 1232 2806; x_wconf 90' lang='lat' dir='ltr'><strong>lra-</strong></span> <span class='ocrx_word' id='word_1_124' title='bbox 1289 2767 1298 2781; x_wconf 94' lang='lat'><strong>··</strong></span> 
     </span>
     <span class='ocr_line' id='line_1_19' title="bbox 203 2843 1293 2942; baseline 0.006 -27"><span class='ocrx_word' id='word_1_125' title='bbox 203 2849 309 2918; x_wconf 88' lang='lat' dir='ltr'><strong>tribus</strong></span> <span class='ocrx_word' id='word_1_126' title='bbox 346 2843 482 2920; x_wconf 87' lang='lat' dir='ltr'><strong>hilarem</strong></span> <span class='ocrx_word' id='word_1_127' title='bbox 520 2853 690 2920; x_wconf 86' lang='lat' dir='ltr'><strong>ostendere</strong></span> <span class='ocrx_word' id='word_1_128' title='bbox 727 2843 835 2942; x_wconf 81' lang='lat' dir='ltr'><strong>supin,</strong></span> <span class='ocrx_word' id='word_1_129' title='bbox 876 2853 910 2919; x_wconf 94' lang='lat' dir='ltr'><strong>in</strong></span> <span class='ocrx_word' id='word_1_130' title='bbox 947 2851 1096 2920; x_wconf 88' lang='lat' dir='ltr'><strong>vanitatis</strong></span> <span class='ocrx_word' id='word_1_131' title='bbox 1134 2853 1231 2922; x_wconf 88' lang='lat' dir='ltr'><strong>verba</strong></span> <span class='ocrx_word' id='word_1_132' title='bbox 1292 2846 1293 2849; x_wconf 50' lang='lat'>&#39;</span> 
     </span>
     <span class='ocr_line' id='line_1_20' title="bbox 204 2964 1199 3054; baseline 0.003 -22"><span class='ocrx_word' id='word_1_133' title='bbox 204 2964 330 3034; x_wconf 88' lang='lat' dir='ltr'><strong>declino</strong></span> <span class='ocrx_word' id='word_1_134' title='bbox 350 2965 411 3054; x_wconf 68' lang='lat' dir='ltr'><strong>(S).</strong></span> <span class='ocrx_word' id='word_1_135' title='bbox 439 2990 452 3032; x_wconf 79' lang='lat' dir='ltr'><strong>r</strong></span> <span class='ocrx_word' id='word_1_136' title='bbox 1134 2973 1137 2982; x_wconf 82' lang='grc'><em>’</em></span> <span class='ocrx_word' id='word_1_137' title='bbox 1195 3045 1199 3052; x_wconf 81' lang='lat'><strong>.</strong></span> 
     </span>
     <span class='ocr_line' id='line_1_21' title="bbox 248 3079 1230 3173; baseline 0.003 -26"><span class='ocrx_word' id='word_1_138' title='bbox 248 3079 286 3148; x_wconf 92' lang='lat' dir='ltr'><strong>Se</strong></span> <span class='ocrx_word' id='word_1_139' title='bbox 306 3081 446 3149; x_wconf 91' lang='lat' dir='ltr'><strong>molliori</strong></span> <span class='ocrx_word' id='word_1_140' title='bbox 465 3081 566 3150; x_wconf 88' lang='lat' dir='ltr'><strong>luisse</strong></span> <span class='ocrx_word' id='word_1_141' title='bbox 580 3082 690 3150; x_wconf 91' lang='lat' dir='ltr'><strong>animo</strong></span> <span class='ocrx_word' id='word_1_142' title='bbox 709 3094 740 3151; x_wconf 91' lang='lat' dir='ltr'><strong>et</strong></span> <span class='ocrx_word' id='word_1_143' title='bbox 759 3084 798 3150; x_wconf 93' lang='lat' dir='ltr'><strong>ad</strong></span> <span class='ocrx_word' id='word_1_144' title='bbox 815 3083 1016 3152; x_wconf 84' lang='lat' dir='ltr'><strong>iracundiam</strong></span> <span class='ocrx_word' id='word_1_145' title='bbox 1031 3103 1230 3173; x_wconf 88' lang='lat' dir='ltr'><strong>propensum</strong></span> 
     </span>
     <span class='ocr_line' id='line_1_22' title="bbox 203 3196 1230 3288; baseline 0.004 -24"><span class='ocrx_word' id='word_1_146' title='bbox 203 3196 321 3264; x_wconf 86' lang='lat' dir='ltr'><strong>alicubi</strong></span> <span class='ocrx_word' id='word_1_147' title='bbox 343 3197 526 3282; x_wconf 87' lang='lat' dir='ltr'><strong>confitetur,</strong></span> <span class='ocrx_word' id='word_1_148' title='bbox 554 3199 717 3288; x_wconf 87' lang='lat' dir='ltr'><strong>simulque</strong></span> <span class='ocrx_word' id='word_1_149' title='bbox 747 3201 911 3288; x_wconf 89' lang='lat' dir='ltr'><strong>quomodo</strong></span> <span class='ocrx_word' id='word_1_150' title='bbox 944 3201 1081 3268; x_wconf 89' lang='lat' dir='ltr'><strong>obsistat</strong></span> <span class='ocrx_word' id='word_1_151' title='bbox 1112 3199 1230 3287; x_wconf 86' lang='lat' dir='ltr'><strong>aperit.</strong></span> 
     </span>
     <span class='ocr_line' id='line_1_23' title="bbox 208 3313 1232 3404; baseline 0.005 -26"><span class='ocrx_word' id='word_1_152' title='bbox 208 3313 279 3380; x_wconf 78' lang='lat' dir='ltr'><strong>uln</strong></span> <span class='ocrx_word' id='word_1_153' title='bbox 301 3333 352 3381; x_wconf 88' lang='lat' dir='ltr'><strong>me</strong></span> <span class='ocrx_word' id='word_1_154' title='bbox 371 3314 577 3403; x_wconf 86' lang='lat' dir='ltr'><strong>plerumque,</strong></span> <span class='ocrx_word' id='word_1_155' title='bbox 599 3315 655 3396; x_wconf 88' lang='lat' dir='ltr'><strong>ait,</strong></span> <span class='ocrx_word' id='word_1_156' title='bbox 688 3315 774 3404; x_wconf 91' lang='lat' dir='ltr'><strong>quod</strong></span> <span class='ocrx_word' id='word_1_157' title='bbox 808 3315 858 3381; x_wconf 85' lang='lat' dir='ltr'><strong>vix</strong></span> <span class='ocrx_word' id='word_1_158' title='bbox 888 3324 937 3382; x_wconf 88' lang='lat' dir='ltr'><strong>est</strong></span> <span class='ocrx_word' id='word_1_159' title='bbox 968 3337 1028 3383; x_wconf 90' lang='lat' dir='ltr'><strong>acu</strong></span> <span class='ocrx_word' id='word_1_160' title='bbox 1062 3317 1108 3383; x_wconf 86' lang='lat' dir='ltr'><strong>vel</strong></span> <span class='ocrx_word' id='word_1_161' title='bbox 1139 3315 1232 3404; x_wconf 89' lang='lat' dir='ltr'><strong>spina</strong></span> 
     </span>
     <span class='ocr_line' id='line_1_24' title="bbox 204 3409 1233 3520; baseline 0.005 -26"><span class='ocrx_word' id='word_1_162' title='bbox 204 3427 315 3496; x_wconf 88' lang='lat' dir='ltr'><strong>leviter</strong></span> <span class='ocrx_word' id='word_1_163' title='bbox 334 3439 502 3516; x_wconf 86' lang='lat' dir='ltr'><strong>punctum,</strong></span> <span class='ocrx_word' id='word_1_164' title='bbox 525 3429 689 3518; x_wconf 88' lang='lat' dir='ltr'><strong>phalarico</strong></span> <span class='ocrx_word' id='word_1_165' title='bbox 710 3409 772 3497; x_wconf 88' lang='lat' dir='ltr'><strong>telo</strong></span> <span class='ocrx_word' id='word_1_166' title='bbox 792 3429 872 3496; x_wconf 88' lang='lat' dir='ltr'><strong>mihi</strong></span> <span class='ocrx_word' id='word_1_167' title='bbox 896 3430 1021 3498; x_wconf 89' lang='lat' dir='ltr'><strong>videtur</strong></span> <span class='ocrx_word' id='word_1_168' title='bbox 1052 3451 1123 3500; x_wconf 90' lang='lat' dir='ltr'><strong>csse</strong></span> <span class='ocrx_word' id='word_1_169' title='bbox 1155 3452 1233 3520; x_wconf 90' lang='lat' dir='ltr'><strong>per·</strong></span> 
     </span>
     <span class='ocr_line' id='line_1_25' title="bbox 204 3543 1273 3636; baseline 0.005 -26"><span class='ocrx_word' id='word_1_170' title='bbox 204 3543 369 3612; x_wconf 80' lang='lat' dir='ltr'><strong>fossum...</strong></span> <span class='ocrx_word' id='word_1_171' title='bbox 409 3543 470 3612; x_wconf 88' lang='lat' dir='ltr'><strong>Sed</strong></span> <span class='ocrx_word' id='word_1_172' title='bbox 506 3544 591 3613; x_wconf 84' lang='lat' dir='ltr'><strong>dicat</strong></span> <span class='ocrx_word' id='word_1_173' title='bbox 627 3545 677 3613; x_wconf 92' lang='lat' dir='ltr'><strong>ira</strong></span> <span class='ocrx_word' id='word_1_174' title='bbox 715 3549 800 3636; x_wconf 91' lang='lat' dir='ltr'><strong>qnod</strong></span> <span class='ocrx_word' id='word_1_175' title='bbox 828 3547 910 3629; x_wconf 85' lang='lat' dir='ltr'><strong>-vult,</strong></span> <span class='ocrx_word' id='word_1_176' title='bbox 941 3557 1080 3635; x_wconf 85' lang='lat' dir='ltr'><strong>turgeat,</strong></span> <span class='ocrx_word' id='word_1_177' title='bbox 1108 3545 1227 3632; x_wconf 89' lang='lat' dir='ltr'><strong>sulsset,</strong></span> <span class='ocrx_word' id='word_1_178' title='bbox 1268 3569 1273 3576; x_wconf 92' lang='lat'><strong>·</strong></span> 
     </span>
     <span class='ocr_line' id='line_1_26' title="bbox 208 3657 1230 3748; baseline 0.004 -23"><span class='ocrx_word' id='word_1_179' title='bbox 208 3657 329 3741; x_wconf 84' lang='lat' dir='ltr'><strong>saeviat,</strong></span> <span class='ocrx_word' id='word_1_180' title='bbox 352 3658 555 3742; x_wconf 87' lang='lat' dir='ltr'><strong>intumescat,</strong></span> <span class='ocrx_word' id='word_1_181' title='bbox 587 3681 647 3748; x_wconf 84' lang='lat' dir='ltr'><strong>ego</strong></span> <span class='ocrx_word' id='word_1_182' title='bbox 677 3661 739 3728; x_wconf 91' lang='lat' dir='ltr'><strong>sibi</strong></span> <span class='ocrx_word' id='word_1_183' title='bbox 769 3661 916 3730; x_wconf 91' lang='lat' dir='ltr'><strong>membra</strong></span> <span class='ocrx_word' id='word_1_184' title='bbox 943 3681 1016 3729; x_wconf 90' lang='lat' dir='ltr'><strong>mea</strong></span> <span class='ocrx_word' id='word_1_185' title='bbox 1042 3681 1108 3729; x_wconf 94' lang='lat' dir='ltr'><strong>non</strong></span> <span class='ocrx_word' id='word_1_186' title='bbox 1134 3661 1230 3745; x_wconf 90' lang='lat' dir='ltr'><strong>dabo,</strong></span> 
     </span>
     <span class='ocr_line' id='line_1_27' title="bbox 208 3775 1232 3865; baseline 0 -23"><span class='ocrx_word' id='word_1_187' title='bbox 208 3784 244 3843; x_wconf 93' lang='lat' dir='ltr'><strong>ut</strong></span> <span class='ocrx_word' id='word_1_188' title='bbox 263 3795 323 3863; x_wconf 91' lang='lat' dir='ltr'><strong>per</strong></span> <span class='ocrx_word' id='word_1_189' title='bbox 342 3794 392 3858; x_wconf 88' lang='lat' dir='ltr'><strong>ea,</strong></span> <span class='ocrx_word' id='word_1_190' title='bbox 414 3775 507 3863; x_wconf 87' lang='lat' dir='ltr'><strong>quasi</strong></span> <span class='ocrx_word' id='word_1_191' title='bbox 528 3796 708 3864; x_wconf 85' lang='lat' dir='ltr'><strong>perarma,</strong></span> <span class='ocrx_word' id='word_1_192' title='bbox 742 3778 827 3865; x_wconf 90' lang='lat' dir='ltr'><strong>quod</strong></span> <span class='ocrx_word' id='word_1_193' title='bbox 852 3786 989 3845; x_wconf 90' lang='lat' dir='ltr'><strong>conatur</strong></span> <span class='ocrx_word' id='word_1_194' title='bbox 1007 3776 1137 3845; x_wconf 78' lang='lat' dir='ltr'><strong>efficiat.</strong></span> <span class='ocrx_word' id='word_1_195' title='bbox 1160 3777 1232 3844; x_wconf 90' lang='lat' dir='ltr'><strong>Non</strong></span> 
     </span>
     <span class='ocr_line' id='line_1_28' title="bbox 206 3889 1230 3983; baseline 0.004 -27"><span class='ocrx_word' id='word_1_196' title='bbox 206 3889 364 3979; x_wconf 79' lang='lat' dir='ltr'><strong>linguam,</strong></span> <span class='ocrx_word' id='word_1_197' title='bbox 386 3911 451 3958; x_wconf 95' lang='lat' dir='ltr'><strong>non</strong></span> <span class='ocrx_word' id='word_1_198' title='bbox 471 3891 555 3960; x_wconf 89' lang='lat' dir='ltr'><strong>labia</strong></span> <span class='ocrx_word' id='word_1_199' title='bbox 574 3913 727 3962; x_wconf 87' lang='lat' dir='ltr'><strong>moveo...</strong></span> <span class='ocrx_word' id='word_1_200' title='bbox 751 3893 820 3962; x_wconf 87' lang='lat' dir='ltr'><strong>lloc</strong></span> <span class='ocrx_word' id='word_1_201' title='bbox 849 3894 1031 3983; x_wconf 86' lang='lat' dir='ltr'><strong>respondeo</strong></span> <span class='ocrx_word' id='word_1_202' title='bbox 1058 3892 1116 3960; x_wconf 84' lang='lat' dir='ltr'><strong>irae</strong></span> <span class='ocrx_word' id='word_1_203' title='bbox 1144 3894 1230 3982; x_wconf 91' lang='lat' dir='ltr'><strong>quod</strong></span> 
     </span>
    </p>
   </div>
   <div class='ocr_carea' id='block_1_6' title="bbox 237 4163 1291 4310">
    <p class='ocr_par' dir='ltr' id='par_1_6' title="bbox 237 4163 1291 4310">
     <span class='ocr_line' id='line_1_29' title="bbox 237 4163 628 4230; baseline 0.005 -17"><span class='ocrx_word' id='word_1_204' title='bbox 237 4163 272 4228; x_wconf 77' lang='lat' dir='ltr'><strong>(ll</strong></span> <span class='ocrx_word' id='word_1_205' title='bbox 289 4163 360 4215; x_wconf 87' lang='lat' dir='ltr'><strong>Petri</strong></span> <span class='ocrx_word' id='word_1_206' title='bbox 370 4164 456 4229; x_wconf 80' lang='lat' dir='ltr'><strong>Bam,</strong></span> <span class='ocrx_word' id='word_1_207' title='bbox 469 4165 544 4230; x_wconf 86' lang='lat' dir='ltr'><strong>epist.</strong></span> <span class='ocrx_word' id='word_1_208' title='bbox 561 4179 591 4230; x_wconf 87' lang='lat'><strong>11,</strong></span> <span class='ocrx_word' id='word_1_209' title='bbox 603 4165 628 4215; x_wconf 89' lang='grc'><strong>1.</strong></span> 
     </span>
     <span class='ocr_line' id='line_1_30' title="bbox 237 4241 1291 4310; baseline 0.003 -16"><span class='ocrx_word' id='word_1_210' title='bbox 237 4241 272 4306; x_wconf 67' lang='grc'><strong>(2)</strong></span> <span class='ocrx_word' id='word_1_211' title='bbox 287 4243 367 4308; x_wconf 82' lang='lat' dir='ltr'><strong>Epist.</strong></span> <span class='ocrx_word' id='word_1_212' title='bbox 385 4257 410 4304; x_wconf 85' lang='lat' dir='ltr'><strong>v,</strong></span> <span class='ocrx_word' id='word_1_213' title='bbox 422 4244 446 4295; x_wconf 73' lang='lat'><strong>2.</strong></span> <span class='ocrx_word' id='word_1_214' title='bbox 460 4245 499 4296; x_wconf 84' lang='lat' dir='ltr'><strong>cl.</strong></span> <span class='ocrx_word' id='word_1_215' title='bbox 512 4245 592 4310; x_wconf 80' lang='lat' dir='ltr'><strong>Epist.</strong></span> <span class='ocrx_word' id='word_1_216' title='bbox 608 4258 644 4310; x_wconf 91' lang='lat' dir='ltr'><strong>1v,</strong></span> <span class='ocrx_word' id='word_1_217' title='bbox 659 4243 685 4308; x_wconf 88' lang='grc'><strong>9,</strong></span> <span class='ocrx_word' id='word_1_218' title='bbox 698 4245 734 4295; x_wconf 85' lang='lat' dir='ltr'><strong>ud</strong></span> <span class='ocrx_word' id='word_1_219' title='bbox 746 4244 900 4296; x_wconf 78' lang='lat' dir='ltr'><strong>oldericum</strong></span> <span class='ocrx_word' id='word_1_220' title='bbox 911 4245 992 4310; x_wconf 80' lang='lat' dir='ltr'><strong>episc.</strong></span> <span class='ocrx_word' id='word_1_221' title='bbox 1006 4247 1183 4297; x_wconf 62' lang='lat' dir='ltr'><strong>firmanum.</strong></span> <span class='ocrx_word' id='word_1_222' title='bbox 1288 4242 1291 4248; x_wconf 89' lang='grc'><strong>’</strong></span> 
     </span>
    </p>
   </div>
   <div class='ocr_carea' id='block_1_7' title="bbox 0 0 1570 5066">
    <p class='ocr_par' dir='ltr' id='par_1_7' title="bbox 0 0 1570 5066">
     <span class='ocr_line' id='line_1_31' title="bbox 0 0 1570 5066; baseline 0 0"><span class='ocrx_word' id='word_1_223' title='bbox 0 0 1570 5066; x_wconf 95' lang='lat' dir='ltr'><strong> </strong></span> 
     </span>
    </p>
   </div>
  </div>
 </body>
</html>
