3110 5066
640 612 800 674 ..27-

204 765 336 837 semper
371 745 482 829 babet,
513 744 675 835 insignem
705 766 782 815 vero
812 747 925 816 caudae
955 745 1233 836 pulchritudinem

203 871 276 951 post
295 883 329 930 se
348 860 568 950 spectantibus
587 861 713 951 praebet
734 861 798 953 (t).
823 885 838 927 ›

249 979 288 1046 At
313 997 402 1047 nunc
432 997 550 1067 magna
582 977 738 1048 Ostiensis
771 977 913 1068 episcopi
948 977 1172 1047 misericordia
1202 987 1236 1045 et

205 1093 358 1163 ebaritas.
379 1092 477 1183 Cujus
496 1093 595 1161 limen
614 1114 797 1183 pauperum
815 1093 912 1162 turba
924 1093 1068 1182 quotidie
1079 1094 1235 1183 trequen-

204 1217 304 1292 tante,
327 1233 345 1272 a
365 1207 419 1276 alii
439 1208 576 1298 dapibus
595 1209 751 1299 appositis
769 1209 1013 1293 reficiebantur,
1036 1208 1090 1276 alii
1105 1219 1236 1298 recepta

206 1321 289 1411 stipe
324 1321 593 1406 revertebantur;
633 1341 670 1390 er
701 1323 821 1412 quibus
854 1321 1031 1411 assumptis
1061 1322 1232 1390 duodecim

205 1439 303 1526 pedes
322 1436 451 1506 assidue
470 1437 606 1506 lavabat.
629 1437 801 1522 Praeterea,
823 1437 936 1507 insuis
950 1437 1147 1519 conviviolis
1162 1459 1236 1527 quae

206 1573 335 1643 semper
353 1573 391 1621 ex
410 1572 502 1621 more
521 1573 595 1622 cum
615 1553 798 1643 hospitibus
818 1552 1090 1632 communicabat,
1123 1553 1150 1621 si
1176 1553 1233 1642 qui

206 1668 298 1758 egeni
319 1668 574 1759 circumquaque
593 1689 653 1758 per
683 1667 852 1757 regionem
883 1668 917 1736 in
944 1668 1071 1737 lectulis
1102 1669 1235 1737 decum-

206 1784 338 1867 bebant,
377 1783 520 1854 oblivisci
557 1785 598 1852 ab
636 1805 675 1852 eo
712 1783 846 1852 minime
883 1793 1075 1874 poterant...
1122 1783 1235 1853 Aiebat

207 1899 294 1968 enim
314 1920 349 1968 se
369 1898 605 1968 dominicarum
635 1919 748 1968 rerum
781 1899 994 1969 constitutum
1024 1919 1094 1967 esse
1123 1899 1235 1967 minis-

206 2025 306 2098 trum,
346 2035 411 2083 non
443 2016 637 2098 dominum;
670 2015 939 2106 dispensatorem,
973 2034 1038 2083 non
1070 2035 1235 2104 possesso-

207 2151 279 2198 rem
301 2129 397 2219 (9).»

255 2243 291 2310 tn
311 2243 516 2312 sublevandis
535 2263 666 2333 quoque
684 2243 856 2312 animabus
868 2263 948 2312 cura
960 2243 1076 2333 major.
1096 2266 1111 2310 s
1138 2243 1235 2333 Saepe

206 2375 345 2424 numero
376 2375 519 2443 namque
549 2355 642 2425 illum
672 2356 821 2424 novimus
852 2355 936 2424 acris
965 2354 1112 2424 febribus
1140 2365 1235 2424 nocte

208 2470 404 2551 coniectum,
435 2491 518 2552 mor,
554 2480 625 2540 orto
656 2472 734 2555 sole,
766 2471 948 2560 ingressum
984 2470 1158 2540 Ecclesiam
1189 2470 1236 2537 in-

205 2587 339 2656 choasse
371 2585 548 2668 solemnia;
581 2596 612 2655 et
643 2607 747 2677 usque
779 2587 818 2654 ad
850 2595 971 2655 sertam
1003 2586 1072 2655 iere
1105 2587 1233 2670 horam,

205 2700 291 2769 edita
309 2721 398 2783 voce,
419 2701 453 2768 in
473 2722 530 2770 ore
548 2703 648 2771 totius
666 2701 770 2792 plebis
788 2701 1008 2798 protrahendo
1034 2721 1233 2786 sermonem,

206 2835 273 2913 non
312 2837 448 2905 parvum
494 2817 588 2886 nobis
636 2839 673 2886 ex
721 2838 755 2886 se
799 2816 979 2907 praebuisse
1024 2815 1232 2902 miraculum,

205 2951 308 3020 quum
345 2943 377 2999 et
414 2931 633 3001 robustiorem
669 2931 792 3000 viribus
830 2943 861 3000 et
898 2931 1070 3000 clariorem
1105 2933 1234 3022 eloquio

207 3065 430 3129 cerneremus,
471 3066 567 3134 quem
601 3046 669 3135 jam
713 3065 795 3135 pene
841 3046 1001 3114 defectum
1046 3045 1234 3136 suspicaba-

208 3177 284 3226 mur
302 3159 403 3246 (3).)

237 3370 275 3515 gi
288 3369 578 3501 {plssseltpitgammi
595 3451 661 3514 cito,
685 3464 733 3515 per
749 3451 878 3503 Joannem
895 3465 978 3517 mom,
999 3452 1056 3516 ejus
1070 3451 1234 3517 discipulum,

208 3543 265 3593 cap.
281 3541 345 3580 xvn.
997 3537 999 3542 ·

238 3607 275 3670 (3)
291 3607 373 3672 loto„
387 3622 444 3673 cap.
456 3621 499 3660 xv.
