3116 5050
643 603 801 664 ‚55-

210 747 351 821 caneret,
384 735 586 804 severitatem
625 747 732 834 censet
767 759 838 805 esse
873 737 1100 806 adhibendam.
1128 737 1234 817 Quare

210 853 324 921 suadet
339 861 386 935 ut,
404 851 494 940 juxta
514 851 628 920 Leonis
647 852 689 919 lll
707 853 886 934 decretum,
902 853 1127 942 unusquisque
1148 855 1233 942 epis·

210 989 310 1056 copus
329 961 466 1036 famulas
486 967 628 1035 ecclesiae
648 987 714 1036 suae
733 968 870 1036 vindicet
891 993 907 1032 u
930 970 1058 1057 quasin
1079 969 1233 1056 parocbia

210 1105 269 1152 sua
312 1083 563 1172 deprehenderit
600 1083 756 1170 sacrilega
798 1083 993 1172 presbyteris
1034 1084 1231 1153 admixtione
1339 1112 1341 1118 ’

211 1200 389 1267 substratas
408 1198 471 1288 (l).
496 1222 511 1264 u
531 1199 649 1268 Simul:
675 1225 691 1262 u
715 1200 774 1266 Per
799 1218 911 1266 omnes
930 1199 1161 1267 concionamur
1180 1223 1232 1268 ec-

209 1314 323 1383 clesias
343 1325 378 1381 ut
397 1333 493 1394 nemo
513 1314 626 1381 missas
646 1335 664 1381 a
689 1314 888 1404 presbytero,
911 1334 975 1380 non
996 1315 1197 1403 evangelium
1217 1339 1235 1384 a

208 1430 357 1512 diacono,
379 1450 444 1497 non
469 1430 609 1519 denique
629 1431 798 1518 epistolam
829 1452 847 1497 a
873 1430 1072 1498 subdiacono
1103 1452 1235 1518 prorsus

210 1544 331 1626 audiat,
354 1565 435 1633 quos
454 1542 584 1612 misceri
605 1545 733 1612 leminis
752 1565 817 1612 non
837 1545 965 1633 ignorat
985 1545 1044 1634 (b).
1069 1572 1085 1610 u

253 1656 327 1726 Nilil
346 1656 536 1723 intentatum
558 1657 730 1745 relinquit:
754 1657 875 1744 sopitos
902 1657 1072 1744 episcopos
1098 1658 1234 1740 excitat3

208 1771 364 1853 lldelaidi,
399 1772 650 1860 Subalpinorum
682 1772 831 1852 ducissae,
860 1772 983 1855 scribit,
1008 1793 1079 1840 eam
1107 1773 1237 1860 potissi-

209 1909 298 1954 mum
320 1908 438 1974 rogans
465 1897 501 1955 ut
529 1887 561 1952 in
592 1890 796 1954 sacerdotum
828 1887 1026 1954 concubinas
1053 1913 1069 1950 u
1091 1889 1234 1976 vigorem

215 2015 355 2072 terrenae
376 2004 542 2091 potestatis
565 2004 724 2087 extendat,
749 2027 763 2068 r
786 2025 897 2092 quaaa
922 2004 1062 2094 templis,
1089 2005 1159 2071 sine
1180 2005 1237 2070 mi-

207 2119 386 2188 sericordia
405 2121 557 2188 arcendae
577 2131 652 2187 sunt
671 2119 727 2206 (3).

253 2349 401 2432 Quidam,
423 2349 474 2416 his
503 2349 599 2416 minis
621 2349 735 2430 territi,
760 2369 863 2436 neque
891 2370 924 2416 se
944 2351 983 2416 ad
1010 2349 1235 2417 castimoniam

207 2465 371 2533 redituros
398 2476 618 2552 sperandast
647 2475 796 2552 suscepto
829 2485 900 2533 sese
931 2464 1111 2532 ministerio
1142 2465 1236 2532 abdi-

207 2581 336 2662 cabant,
370 2590 405 2647 ut
436 2581 469 2646 in
507 2591 575 2648 tuto
606 2600 677 2647 oum
712 2579 901 2648 concubinis
935 2591 1044 2668 postea
1070 2581 1233 2662 viverent;

207 2696 300 2783 quasi
320 2705 465 2763 cessante
489 2695 682 2776 ministerio,
699 2707 841 2762 cessaret
868 2707 898 2763 et
929 2696 1085 2766 officium.
1122 2697 1234 2764 Plures

207 2823 314 2878 autem
351 2811 677 2898 argumentabantur.
707 2811 743 2877 l⁰
771 2811 884 2878 Nonne
925 2812 1002 2878 dicit
1033 2813 1229 2900 Apostolus:

205 2926 344 3014 Propter
361 2926 606 3012 fornicationem
618 2927 837 3014 unresqnisque
853 2947 948 2993 suern
961 2947 1093 2993 tenorent
1108 2925 1232 3010 babeat,

204 3049 233 3108 et
265 3062 464 3130 nnoqnaeque
495 3042 602 3108 uirum
627 3062 723 3108 serent
748 3041 872 3109 naoeut.
900 3041 956 3108 Vir
975 3044 1069 3109 tenori
1089 3043 1232 3110 debiturn

203 3157 318 3224 reddet
337 3166 365 3224 et
384 3178 465 3224 tenor
483 3157 554 3224 niro
574 3156 632 3244 (ll).
647 3182 662 3218 u
679 3157 771 3237 Ecce,
786 3157 950 3245 inquiunt,
972 3158 1041 3225 baec
1055 3157 1230 3244 apostolica

204 3272 302 3339 verba
321 3272 485 3360 generalia
502 3284 599 3355 sunt;
622 3283 653 3339 et
672 3273 748 3340 dum
769 3272 946 3361 unicuique
966 3273 1109 3340 nubendi
1129 3272 1228 3368 licen·

205 3388 281 3455 tiam
303 3388 462 3470 tribuunt,
485 3408 544 3455 nos
555 3389 711 3476 excipere
726 3408 791 3455 non
810 3388 969 3455 videntur.
997 3411 1009 3452 u
1033 3386 1069 3452 2⁰
1091 3387 1229 3475 Pauper-

203 3513 302 3570 tatem
315 3503 368 3570 alii
382 3503 617 3570 causabantur:
645 3529 658 3570 u
676 3503 851 3584 Muliebris,
868 3503 1031 3592 inquiunt,
1047 3503 1229 3572 sedulitatis

203 3617 321 3684 auxilio
341 3638 453 3685 carere
472 3638 537 3686 non
557 3639 730 3706 possumus
750 3617 810 3705 (5).
838 3642 851 3684 u

225 3831 263 3894 (l)
281 3831 351 3880 Petri
364 3829 449 3889 Bam„
463 3845 549 3895 opusc.
566 3843 643 3890 xant,
657 3831 759 3882 Contra
770 3833 882 3882 clericos
894 3831 1114 3896 intemperantes,
1129 3846 1184 3896 cap.
1198 3833 1224 3882 2.

229 3909 265 3972 (ὓ)
282 3909 364 3972 leid,
379 3923 434 3973 cap.
449 3909 472 3959 7.

227 3989 264 4052 (3)
280 3989 374 4052 Opusc.
392 4000 467 4052 xvnr,
487 3990 589 4040 dissert.
610 4002 639 4052 n,
659 3991 704 4040 Ad
724 3991 884 4046 Tuerinene.
904 3991 997 4055 eplee.,·
1009 3988 1110 4040 dissert.
1127 4001 1168 4053 111,
1180 3991 1225 4040 Ad

195 4069 369 4120 Adelaitlent.

224 4148 262 4209 (t)
278 4149 361 4199 IGor.
374 4161 421 4204 vn,
436 4147 461 4210 2,
474 4147 498 4198 3.

223 4229 259 4292 (5)
275 4228 370 4292 Opusc.
385 4240 461 4292 xvrn,
474 4228 576 4279 dissert.
593 4241 612 4290 1,
628 4242 683 4291 cap.
697 4228 722 4278 t.
