<?xml version="1.0" encoding="UTF-8"?>
<!DOCTYPE html PUBLIC "-//W3C//DTD XHTML 1.0 Transitional//EN"
    "http://www.w3.org/TR/xhtml1/DTD/xhtml1-transitional.dtd">
<html xmlns="http://www.w3.org/1999/xhtml" xml:lang="en" lang="en">
 <head>
  <title>
</title>
<meta http-equiv="Content-Type" content="text/html;charset=utf-8" />
  <meta name='ocr-system' content='tesseract 3.04.00' />
  <meta name='ocr-capabilities' content='ocr_page ocr_carea ocr_par ocr_line ocrx_word'/>
</head>
<body>
  <div class='ocr_page' id='page_1' title='image "./depetrodamianoo00guergoog_0034.png"; bbox 0 0 3110 5066; ppageno 0'>
   <div class='ocr_carea' id='block_1_1' title="bbox 114 593 1333 4035">
    <p class='ocr_par' dir='ltr' id='par_1_1' title="bbox 197 593 1236 1046">
     <span class='ocr_line' id='line_1_1' title="bbox 642 593 802 656; baseline 0 -16"><span class='ocrx_word' id='word_1_1' title='bbox 642 593 802 656; x_wconf 50' lang='lat'><strong>³15-</strong></span> 
     </span>
     <span class='ocr_line' id='line_1_2' title="bbox 206 721 1235 810; baseline 0.002 -18"><span class='ocrx_word' id='word_1_2' title='bbox 206 721 275 793; x_wconf 89' lang='lat' dir='ltr'><strong>bois</strong></span> <span class='ocrx_word' id='word_1_3' title='bbox 289 725 330 794; x_wconf 90' lang='lat' dir='ltr'><strong>ad</strong></span> <span class='ocrx_word' id='word_1_4' title='bbox 342 725 455 795; x_wconf 87' lang='lat' dir='ltr'><strong>lucem</strong></span> <span class='ocrx_word' id='word_1_5' title='bbox 474 727 637 798; x_wconf 82' lang='lat' dir='ltr'><strong>remeasse</strong></span> <span class='ocrx_word' id='word_1_6' title='bbox 654 725 807 810; x_wconf 79' lang='lat' dir='ltr'>dicimus,</span> <span class='ocrx_word' id='word_1_7' title='bbox 818 726 856 795; x_wconf 85' lang='lat' dir='ltr'><strong>si</strong></span> <span class='ocrx_word' id='word_1_8' title='bbox 873 745 935 796; x_wconf 92' lang='lat' dir='ltr'><strong>nos</strong></span> <span class='ocrx_word' id='word_1_9' title='bbox 949 725 1055 796; x_wconf 88' lang='lat' dir='ltr'><strong>adhuc</strong></span> <span class='ocrx_word' id='word_1_10' title='bbox 1067 726 1100 794; x_wconf 94' lang='lat' dir='ltr'><strong>in</strong></span> <span class='ocrx_word' id='word_1_11' title='bbox 1112 725 1235 796; x_wconf 91' lang='lat' dir='ltr'><strong>eisdem</strong></span> 
     </span>
     <span class='ocr_line' id='line_1_3' title="bbox 209 840 1236 932; baseline 0.003 -24"><span class='ocrx_word' id='word_1_12' title='bbox 209 840 352 912; x_wconf 89' lang='lat' dir='ltr'><strong>tenebris</strong></span> <span class='ocrx_word' id='word_1_13' title='bbox 371 861 623 910; x_wconf 76' lang='lat' dir='ltr'><strong>remanemus...</strong></span> <span class='ocrx_word' id='word_1_14' title='bbox 645 842 712 912; x_wconf 86' lang='lat' dir='ltr'><strong>Nos</strong></span> <span class='ocrx_word' id='word_1_15' title='bbox 724 841 811 912; x_wconf 89' lang='lat' dir='ltr'><strong>enim</strong></span> <span class='ocrx_word' id='word_1_16' title='bbox 823 843 1035 932; x_wconf 79' lang='lat' dir='ltr'>sperabamus</span> <span class='ocrx_word' id='word_1_17' title='bbox 1047 843 1134 932; x_wconf 90' lang='lat' dir='ltr'><strong>quod</strong></span> <span class='ocrx_word' id='word_1_18' title='bbox 1149 863 1236 911; x_wconf 92' lang='lat' dir='ltr'><strong>esses</strong></span> 
     </span>
     <span class='ocr_line' id='line_1_4' title="bbox 197 955 671 1046; baseline 0.008 -25"><span class='ocrx_word' id='word_1_19' title='bbox 197 955 436 1046; x_wconf 85' lang='lat' dir='ltr'><strong>redempturus</strong></span> <span class='ocrx_word' id='word_1_20' title='bbox 457 956 556 1026; x_wconf 89' lang='lat' dir='ltr'><strong>lsrael</strong></span> <span class='ocrx_word' id='word_1_21' title='bbox 576 957 637 1045; x_wconf 82' lang='lat' dir='ltr'><strong>(l).</strong></span> <span class='ocrx_word' id='word_1_22' title='bbox 657 981 671 1025; x_wconf 78' lang='lat' dir='ltr'><strong>s</strong></span> 
     </span>
    </p>

    <p class='ocr_par' dir='ltr' id='par_1_2' title="bbox 195 1067 1273 1966">
     <span class='ocr_line' id='line_1_5' title="bbox 252 1067 1236 1154; baseline 0.005 -18"><span class='ocrx_word' id='word_1_23' title='bbox 252 1067 330 1138; x_wconf 81' lang='lat' dir='ltr'><strong>Cum</strong></span> <span class='ocrx_word' id='word_1_24' title='bbox 344 1069 485 1139; x_wconf 88' lang='lat' dir='ltr'><strong>ilenrico</strong></span> <span class='ocrx_word' id='word_1_25' title='bbox 505 1070 539 1137; x_wconf 95' lang='lat' dir='ltr'><strong>in</strong></span> <span class='ocrx_word' id='word_1_26' title='bbox 566 1069 772 1140; x_wconf 87' lang='lat' dir='ltr'><strong>Germaniam</strong></span> <span class='ocrx_word' id='word_1_27' title='bbox 797 1070 967 1154; x_wconf 84' lang='lat' dir='ltr'>redeunte,</span> <span class='ocrx_word' id='word_1_28' title='bbox 989 1071 1030 1139; x_wconf 94' lang='lat' dir='ltr'><strong>de</strong></span> <span class='ocrx_word' id='word_1_29' title='bbox 1055 1071 1153 1140; x_wconf 89' lang='lat' dir='ltr'><strong>rebus</strong></span> <span class='ocrx_word' id='word_1_30' title='bbox 1183 1092 1236 1141; x_wconf 87' lang='lat' dir='ltr'><strong>eo-</strong></span> 
     </span>
     <span class='ocr_line' id='line_1_6' title="bbox 212 1183 1235 1276; baseline 0.002 -24"><span class='ocrx_word' id='word_1_31' title='bbox 212 1183 400 1254; x_wconf 86' lang='lat' dir='ltr'><strong>olesiastiois</strong></span> <span class='ocrx_word' id='word_1_32' title='bbox 418 1185 611 1254; x_wconf 87' lang='lat' dir='ltr'><strong>Damianum</strong></span> <span class='ocrx_word' id='word_1_33' title='bbox 631 1186 751 1276; x_wconf 85' lang='lat' dir='ltr'><strong>saepius</strong></span> <span class='ocrx_word' id='word_1_34' title='bbox 769 1186 869 1254; x_wconf 87' lang='lat' dir='ltr'><strong>luisse</strong></span> <span class='ocrx_word' id='word_1_35' title='bbox 884 1186 1079 1255; x_wconf 89' lang='lat' dir='ltr'><strong>collocutum</strong></span> <span class='ocrx_word' id='word_1_36' title='bbox 1099 1196 1235 1270; x_wconf 86' lang='lat' dir='ltr'><strong>constat,</strong></span> 
     </span>
     <span class='ocr_line' id='line_1_7' title="bbox 213 1297 1273 1388; baseline 0.003 -25"><span class='ocrx_word' id='word_1_37' title='bbox 213 1305 284 1364; x_wconf 89' lang='lat' dir='ltr'><strong>tum</strong></span> <span class='ocrx_word' id='word_1_38' title='bbox 303 1297 461 1386; x_wconf 84' lang='lat' dir='ltr'><strong>exipsius</strong></span> <span class='ocrx_word' id='word_1_39' title='bbox 487 1300 527 1368; x_wconf 87' lang='lat' dir='ltr'><strong>ad</strong></span> <span class='ocrx_word' id='word_1_40' title='bbox 547 1298 777 1388; x_wconf 76' lang='lat' dir='ltr'><strong>imperatorem</strong></span> <span class='ocrx_word' id='word_1_41' title='bbox 800 1298 935 1383; x_wconf 89' lang='lat' dir='ltr'><strong>litteris,</strong></span> <span class='ocrx_word' id='word_1_42' title='bbox 956 1309 1025 1368; x_wconf 92' lang='lat' dir='ltr'><strong>tum</strong></span> <span class='ocrx_word' id='word_1_43' title='bbox 1055 1298 1237 1388; x_wconf 73' lang='lat' dir='ltr'><strong>presertim</strong></span> <span class='ocrx_word' id='word_1_44' title='bbox 1268 1321 1273 1332; x_wconf 87' lang='lat'><strong>·</strong></span> 
     </span>
     <span class='ocr_line' id='line_1_8' title="bbox 216 1411 1235 1504; baseline 0.005 -26"><span class='ocrx_word' id='word_1_45' title='bbox 216 1431 254 1478; x_wconf 84' lang='lat' dir='ltr'><strong>ex</strong></span> <span class='ocrx_word' id='word_1_46' title='bbox 273 1411 409 1500; x_wconf 87' lang='lat' dir='ltr'><strong>epistola</strong></span> <span class='ocrx_word' id='word_1_47' title='bbox 433 1415 472 1482; x_wconf 88' lang='lat' dir='ltr'><strong>ad</strong></span> <span class='ocrx_word' id='word_1_48' title='bbox 491 1414 700 1504; x_wconf 86' lang='lat' dir='ltr'><strong>pontificem:</strong></span> <span class='ocrx_word' id='word_1_49' title='bbox 726 1439 743 1478; x_wconf 77' lang='lat' dir='ltr'><strong>a</strong></span> <span class='ocrx_word' id='word_1_50' title='bbox 764 1415 947 1504; x_wconf 86' lang='lat' dir='ltr'><strong>Imperator</strong></span> <span class='ocrx_word' id='word_1_51' title='bbox 968 1433 1034 1482; x_wconf 94' lang='lat' dir='ltr'><strong>non</strong></span> <span class='ocrx_word' id='word_1_52' title='bbox 1054 1415 1155 1484; x_wconf 87' lang='lat' dir='ltr'><strong>semel</strong></span> <span class='ocrx_word' id='word_1_53' title='bbox 1181 1416 1235 1483; x_wconf 91' lang='lat' dir='ltr'><strong>sed</strong></span> 
     </span>
     <span class='ocr_line' id='line_1_9' title="bbox 212 1527 1239 1620; baseline 0.005 -25"><span class='ocrx_word' id='word_1_54' title='bbox 212 1546 302 1616; x_wconf 76' lang='lat' dir='ltr'><strong>sepe</strong></span> <span class='ocrx_word' id='word_1_55' title='bbox 320 1527 401 1595; x_wconf 89' lang='lat' dir='ltr'><strong>mihi</strong></span> <span class='ocrx_word' id='word_1_56' title='bbox 421 1529 582 1619; x_wconf 82' lang='lat' dir='ltr'><strong>praecepit</strong></span> <span class='ocrx_word' id='word_1_57' title='bbox 601 1539 645 1613; x_wconf 90' lang='lat' dir='ltr'><strong>et,</strong></span> <span class='ocrx_word' id='word_1_58' title='bbox 666 1530 692 1599; x_wconf 91' lang='lat' dir='ltr'><strong>si</strong></span> <span class='ocrx_word' id='word_1_59' title='bbox 713 1531 817 1599; x_wconf 83' lang='lat' dir='ltr'><strong>audeo</strong></span> <span class='ocrx_word' id='word_1_60' title='bbox 842 1529 963 1615; x_wconf 90' lang='lat' dir='ltr'><strong>dicere,</strong></span> <span class='ocrx_word' id='word_1_61' title='bbox 988 1551 1105 1619; x_wconf 83' lang='lat' dir='ltr'><strong>rogare</strong></span> <span class='ocrx_word' id='word_1_62' title='bbox 1124 1531 1239 1620; x_wconf 85' lang='lat' dir='ltr'><strong>digna-</strong></span> 
     </span>
     <span class='ocr_line' id='line_1_10' title="bbox 215 1644 1238 1744; baseline 0.004 -34"><span class='ocrx_word' id='word_1_63' title='bbox 215 1651 269 1711; x_wconf 83' lang='lat' dir='ltr'><strong>tus</strong></span> <span class='ocrx_word' id='word_1_64' title='bbox 280 1653 329 1712; x_wconf 91' lang='lat' dir='ltr'><strong>est</strong></span> <span class='ocrx_word' id='word_1_65' title='bbox 346 1654 384 1712; x_wconf 90' lang='lat' dir='ltr'><strong>ut</strong></span> <span class='ocrx_word' id='word_1_66' title='bbox 401 1645 440 1712; x_wconf 91' lang='lat' dir='ltr'><strong>ad</strong></span> <span class='ocrx_word' id='word_1_67' title='bbox 459 1665 515 1714; x_wconf 85' lang='lat' dir='ltr'><strong>vos</strong></span> <span class='ocrx_word' id='word_1_68' title='bbox 532 1644 692 1728; x_wconf 82' lang='lat' dir='ltr'><strong>venirem,</strong></span> <span class='ocrx_word' id='word_1_69' title='bbox 705 1657 737 1714; x_wconf 92' lang='lat' dir='ltr'><strong>et</strong></span> <span class='ocrx_word' id='word_1_70' title='bbox 755 1644 877 1744; x_wconf 88' lang='lat' dir='ltr'><strong>quaein</strong></span> <span class='ocrx_word' id='word_1_71' title='bbox 893 1644 1238 1715; x_wconf 70' lang='lat' dir='ltr'><strong>‘ecclesiisnostrarum</strong></span> 
     </span>
     <span class='ocr_line' id='line_1_11' title="bbox 209 1758 1239 1851; baseline 0.003 -24"><span class='ocrx_word' id='word_1_72' title='bbox 209 1758 359 1848; x_wconf 86' lang='lat' dir='ltr'><strong>partium</strong></span> <span class='ocrx_word' id='word_1_73' title='bbox 390 1771 576 1850; x_wconf 84' lang='lat' dir='ltr'><strong>agerentur,</strong></span> <span class='ocrx_word' id='word_1_74' title='bbox 609 1781 747 1851; x_wconf 89' lang='lat' dir='ltr'><strong>quaeque</strong></span> <span class='ocrx_word' id='word_1_75' title='bbox 777 1759 859 1828; x_wconf 92' lang='lat' dir='ltr'><strong>mihi</strong></span> <span class='ocrx_word' id='word_1_76' title='bbox 891 1760 1120 1829; x_wconf 87' lang='lat' dir='ltr'><strong>necessariae</strong></span> <span class='ocrx_word' id='word_1_77' title='bbox 1150 1761 1239 1830; x_wconf 89' lang='lat' dir='ltr'><strong>vobis</strong></span> 
     </span>
     <span class='ocr_line' id='line_1_12' title="bbox 195 1867 1269 1966; baseline 0.001 -24"><span class='ocrx_word' id='word_1_78' title='bbox 195 1874 287 1952; x_wconf 51' lang='lat' dir='ltr'><strong>,lieri</strong></span> <span class='ocrx_word' id='word_1_79' title='bbox 306 1875 504 1960; x_wconf 89' lang='lat' dir='ltr'><strong>viderentur,</strong></span> <span class='ocrx_word' id='word_1_80' title='bbox 525 1875 639 1945; x_wconf 89' lang='lat' dir='ltr'><strong>vestris</strong></span> <span class='ocrx_word' id='word_1_81' title='bbox 657 1875 794 1945; x_wconf 85' lang='lat' dir='ltr'><strong>curibus</strong></span> <span class='ocrx_word' id='word_1_82' title='bbox 813 1875 1000 1945; x_wconf 77' lang='lat' dir='ltr'><strong>intimarem</strong></span> <span class='ocrx_word' id='word_1_83' title='bbox 1021 1874 1082 1966; x_wconf 70' lang='lat' dir='ltr'><strong>(i).</strong></span> <span class='ocrx_word' id='word_1_84' title='bbox 1109 1899 1123 1943; x_wconf 78' lang='lat' dir='ltr'><strong>s</strong></span> <span class='ocrx_word' id='word_1_85' title='bbox 1207 1867 1212 1876; x_wconf 80' lang='grc'><strong>’</strong></span> <span class='ocrx_word' id='word_1_86' title='bbox 1268 1949 1269 1952; x_wconf 48' lang='lat'><strong>,</strong></span> 
     </span>
    </p>

    <p class='ocr_par' dir='ltr' id='par_1_3' title="bbox 214 1979 1333 2428">
     <span class='ocr_line' id='line_1_13' title="bbox 260 1979 1272 2076; baseline 0.002 -18"><span class='ocrx_word' id='word_1_87' title='bbox 260 1990 352 2060; x_wconf 88' lang='lat' dir='ltr'><strong>Brevi</strong></span> <span class='ocrx_word' id='word_1_88' title='bbox 372 1991 519 2060; x_wconf 87' lang='lat' dir='ltr'><strong>Clemens</strong></span> <span class='ocrx_word' id='word_1_89' title='bbox 538 1992 566 2060; x_wconf 92' lang='lat' dir='ltr'><strong>ll</strong></span> <span class='ocrx_word' id='word_1_90' title='bbox 586 1992 780 2076; x_wconf 82' lang='lat' dir='ltr'><strong>defunctus;</strong></span> <span class='ocrx_word' id='word_1_91' title='bbox 802 1991 941 2060; x_wconf 85' lang='lat' dir='ltr'><strong>celerius</strong></span> <span class='ocrx_word' id='word_1_92' title='bbox 955 2002 986 2060; x_wconf 91' lang='lat' dir='ltr'><strong>et</strong></span> <span class='ocrx_word' id='word_1_93' title='bbox 1004 1991 1175 2061; x_wconf 83' lang='lat' dir='ltr'><strong>[lamasius</strong></span> <span class='ocrx_word' id='word_1_94' title='bbox 1196 1991 1237 2075; x_wconf 93' lang='lat' dir='ltr'><strong>ll,</strong></span> <span class='ocrx_word' id='word_1_95' title='bbox 1268 1979 1272 1988; x_wconf 75' lang='grc'><strong>’</strong></span> 
     </span>
     <span class='ocr_line' id='line_1_14' title="bbox 216 2105 1317 2196; baseline 0.003 -24"><span class='ocrx_word' id='word_1_96' title='bbox 216 2105 274 2195; x_wconf 90' lang='lat' dir='ltr'><strong>qui</strong></span> <span class='ocrx_word' id='word_1_97' title='bbox 303 2127 406 2175; x_wconf 94' lang='lat' dir='ltr'><strong>unum</strong></span> <span class='ocrx_word' id='word_1_98' title='bbox 443 2108 646 2176; x_wconf 88' lang='lat' dir='ltr'><strong>solummodo</strong></span> <span class='ocrx_word' id='word_1_99' title='bbox 683 2127 829 2176; x_wconf 90' lang='lat' dir='ltr'><strong>mensem</strong></span> <span class='ocrx_word' id='word_1_100' title='bbox 861 2107 1085 2196; x_wconf 66' lang='lat' dir='ltr'><strong>apostolicam</strong></span> <span class='ocrx_word' id='word_1_101' title='bbox 1125 2106 1239 2175; x_wconf 90' lang='lat' dir='ltr'><strong>Sedem</strong></span> <span class='ocrx_word' id='word_1_102' title='bbox 1314 2182 1317 2188; x_wconf 57' lang='grc'><strong><em>,</em></strong></span> 
     </span>
     <span class='ocr_line' id='line_1_15' title="bbox 219 2221 1333 2315; baseline -0.005 -25"><span class='ocrx_word' id='word_1_103' title='bbox 219 2222 397 2310; x_wconf 88' lang='lat' dir='ltr'><strong>occupavit.</strong></span> <span class='ocrx_word' id='word_1_104' title='bbox 420 2222 476 2291; x_wconf 88' lang='lat' dir='ltr'><strong>Gui</strong></span> <span class='ocrx_word' id='word_1_105' title='bbox 503 2222 658 2303; x_wconf 87' lang='lat' dir='ltr'><strong>successit</strong></span> <span class='ocrx_word' id='word_1_106' title='bbox 687 2224 816 2290; x_wconf 88' lang='lat' dir='ltr'><strong>taudem</strong></span> <span class='ocrx_word' id='word_1_107' title='bbox 836 2221 868 2291; x_wconf 90' lang='lat' dir='ltr'><strong>S.</strong></span> <span class='ocrx_word' id='word_1_108' title='bbox 887 2223 949 2291; x_wconf 83' lang='lat' dir='ltr'><strong>Leo</strong></span> <span class='ocrx_word' id='word_1_109' title='bbox 968 2243 1052 2315; x_wconf 88' lang='lat' dir='ltr'><strong>papa</strong></span> <span class='ocrx_word' id='word_1_110' title='bbox 1072 2221 1126 2301; x_wconf 84' lang='lat' dir='ltr'><strong>tx,</strong></span> <span class='ocrx_word' id='word_1_111' title='bbox 1146 2235 1241 2291; x_wconf 91' lang='lat' dir='ltr'><strong>antea</strong></span> <span class='ocrx_word' id='word_1_112' title='bbox 1325 2265 1333 2284; x_wconf 88' lang='lat'><em>.</em></span> 
     </span>
     <span class='ocr_line' id='line_1_16' title="bbox 214 2337 1217 2428; baseline 0 -22"><span class='ocrx_word' id='word_1_113' title='bbox 214 2337 324 2406; x_wconf 90' lang='lat' dir='ltr'><strong>Bruno</strong></span> <span class='ocrx_word' id='word_1_114' title='bbox 342 2337 459 2421; x_wconf 91' lang='lat' dir='ltr'><strong>dictus,</strong></span> <span class='ocrx_word' id='word_1_115' title='bbox 481 2338 641 2407; x_wconf 80' lang='lat' dir='ltr'><strong>&#39;lullensis</strong></span> <span class='ocrx_word' id='word_1_116' title='bbox 653 2337 836 2428; x_wconf 90' lang='lat' dir='ltr'><strong>episcopus,</strong></span> <span class='ocrx_word' id='word_1_117' title='bbox 858 2338 893 2405; x_wconf 93' lang='lat' dir='ltr'><strong>in</strong></span> <span class='ocrx_word' id='word_1_118' title='bbox 912 2338 1038 2426; x_wconf 80' lang='lat' dir='ltr'><strong>Belgica</strong></span> <span class='ocrx_word' id='word_1_119' title='bbox 1056 2337 1081 2405; x_wconf 93' lang='lat' dir='ltr'><strong>l.</strong></span> <span class='ocrx_word' id='word_1_120' title='bbox 1214 2341 1217 2350; x_wconf 91' lang='lat'>&#39;</span> 
     </span>
    </p>

    <p class='ocr_par' dir='ltr' id='par_1_4' title="bbox 216 2443 1243 3118">
     <span class='ocr_line' id='line_1_17' title="bbox 260 2443 1239 2542; baseline 0.003 -22"><span class='ocrx_word' id='word_1_121' title='bbox 260 2452 386 2522; x_wconf 81' lang='lat' dir='ltr'><strong>Inimici</strong></span> <span class='ocrx_word' id='word_1_122' title='bbox 398 2452 554 2522; x_wconf 87' lang='lat' dir='ltr'><strong>Damiano</strong></span> <span class='ocrx_word' id='word_1_123' title='bbox 567 2464 671 2537; x_wconf 86' lang='lat' dir='ltr'><strong>erant,</strong></span> <span class='ocrx_word' id='word_1_124' title='bbox 686 2453 743 2542; x_wconf 90' lang='lat' dir='ltr'><strong>qui</strong></span> <span class='ocrx_word' id='word_1_125' title='bbox 761 2452 997 2522; x_wconf 87' lang='lat' dir='ltr'><strong>correctionem</strong></span> <span class='ocrx_word' id='word_1_126' title='bbox 1015 2443 1239 2538; x_wconf 77' lang='lat' dir='ltr'><strong>formidantes,</strong></span> 
     </span>
     <span class='ocr_line' id='line_1_18' title="bbox 216 2567 1240 2658; baseline 0.001 -21"><span class='ocrx_word' id='word_1_127' title='bbox 216 2568 290 2637; x_wconf 87' lang='lat' dir='ltr'><strong>novi</strong></span> <span class='ocrx_word' id='word_1_128' title='bbox 320 2567 481 2658; x_wconf 85' lang='lat' dir='ltr'><strong>pontilicis</strong></span> <span class='ocrx_word' id='word_1_129' title='bbox 512 2567 657 2637; x_wconf 88' lang='lat' dir='ltr'><strong>animum</strong></span> <span class='ocrx_word' id='word_1_130' title='bbox 683 2589 912 2658; x_wconf 86' lang='lat' dir='ltr'><strong>praeoccupare</strong></span> <span class='ocrx_word' id='word_1_131' title='bbox 944 2577 977 2636; x_wconf 91' lang='lat' dir='ltr'><strong>et</strong></span> <span class='ocrx_word' id='word_1_132' title='bbox 1005 2580 1153 2638; x_wconf 85' lang='lat' dir='ltr'><strong>asancto</strong></span> <span class='ocrx_word' id='word_1_133' title='bbox 1172 2568 1240 2638; x_wconf 88' lang='lat' dir='ltr'><strong>viro</strong></span> 
     </span>
     <span class='ocr_line' id='line_1_19' title="bbox 216 2667 1240 2768; baseline 0.001 -16"><span class='ocrx_word' id='word_1_134' title='bbox 216 2684 359 2752; x_wconf 87' lang='lat' dir='ltr'><strong>alienare</strong></span> <span class='ocrx_word' id='word_1_135' title='bbox 377 2696 454 2752; x_wconf 91' lang='lat' dir='ltr'><strong>sunt</strong></span> <span class='ocrx_word' id='word_1_136' title='bbox 471 2683 587 2753; x_wconf 87' lang='lat' dir='ltr'><strong>moliti.</strong></span> <span class='ocrx_word' id='word_1_137' title='bbox 602 2684 708 2765; x_wconf 86' lang='lat' dir='ltr'><strong>Quare</strong></span> <span class='ocrx_word' id='word_1_138' title='bbox 721 2685 852 2754; x_wconf 90' lang='lat' dir='ltr'><strong>adeum</strong></span> <span class='ocrx_word' id='word_1_139' title='bbox 872 2683 985 2753; x_wconf 78' lang='lat' dir='ltr'><strong>scribit</strong></span> <span class='ocrx_word' id='word_1_140' title='bbox 1002 2667 1176 2753; x_wconf 86' lang='lat' dir='ltr'><strong>Damianos</strong></span> <span class='ocrx_word' id='word_1_141' title='bbox 1191 2698 1240 2768; x_wconf 91' lang='lat' dir='ltr'><strong>ut,</strong></span> 
     </span>
     <span class='ocr_line' id='line_1_20' title="bbox 219 2796 1243 2886; baseline 0.001 -21"><span class='ocrx_word' id='word_1_142' title='bbox 219 2797 318 2865; x_wconf 92' lang='lat' dir='ltr'><strong>rebus</strong></span> <span class='ocrx_word' id='word_1_143' title='bbox 343 2797 589 2886; x_wconf 83' lang='lat' dir='ltr'><strong>diligentissime</strong></span> <span class='ocrx_word' id='word_1_144' title='bbox 612 2797 795 2886; x_wconf 88' lang='lat' dir='ltr'><strong>perpensis,</strong></span> <span class='ocrx_word' id='word_1_145' title='bbox 816 2796 901 2865; x_wconf 87' lang='lat' dir='ltr'><strong>inter</strong></span> <span class='ocrx_word' id='word_1_146' title='bbox 919 2817 954 2865; x_wconf 88' lang='lat' dir='ltr'><strong>se</strong></span> <span class='ocrx_word' id='word_1_147' title='bbox 980 2817 1121 2886; x_wconf 91' lang='lat' dir='ltr'><strong>suosque</strong></span> <span class='ocrx_word' id='word_1_148' title='bbox 1144 2818 1243 2866; x_wconf 85' lang='lat' dir='ltr'><strong>accu-</strong></span> 
     </span>
     <span class='ocr_line' id='line_1_21' title="bbox 218 2912 1243 3003; baseline -0.001 -21"><span class='ocrx_word' id='word_1_149' title='bbox 218 2923 342 2982; x_wconf 88' lang='lat' dir='ltr'><strong>satores</strong></span> <span class='ocrx_word' id='word_1_150' title='bbox 360 2912 585 3002; x_wconf 86' lang='lat' dir='ltr'><strong>jndicet.·Nec</strong></span> <span class='ocrx_word' id='word_1_151' title='bbox 607 2913 653 2981; x_wconf 90' lang='lat' dir='ltr'><strong>ita</strong></span> <span class='ocrx_word' id='word_1_152' title='bbox 681 2915 784 2981; x_wconf 89' lang='lat' dir='ltr'><strong>multo</strong></span> <span class='ocrx_word' id='word_1_153' title='bbox 814 2923 887 3003; x_wconf 89' lang='lat' dir='ltr'><strong>post</strong></span> <span class='ocrx_word' id='word_1_154' title='bbox 907 2913 1029 2981; x_wconf 90' lang='lat' dir='ltr'><strong>librum</strong></span> <span class='ocrx_word' id='word_1_155' title='bbox 1051 2913 1150 2980; x_wconf 87' lang='lat' dir='ltr'><strong>Leoni</strong></span> <span class='ocrx_word' id='word_1_156' title='bbox 1182 2913 1243 2981; x_wconf 87' lang='lat' dir='ltr'><strong>Da·</strong></span> 
     </span>
     <span class='ocr_line' id='line_1_22' title="bbox 218 3027 1107 3118; baseline -0.001 -21"><span class='ocrx_word' id='word_1_157' title='bbox 218 3028 348 3097; x_wconf 87' lang='lat' dir='ltr'><strong>mianus</strong></span> <span class='ocrx_word' id='word_1_158' title='bbox 367 3028 484 3098; x_wconf 88' lang='lat' dir='ltr'><strong>dicavit</strong></span> <span class='ocrx_word' id='word_1_159' title='bbox 502 3029 558 3118; x_wconf 92' lang='lat' dir='ltr'><strong>qui</strong></span> <span class='ocrx_word' id='word_1_160' title='bbox 580 3028 835 3099; x_wconf 77' lang='lat' dir='ltr'><strong>Goucorrbc&#39;umcs</strong></span> <span class='ocrx_word' id='word_1_161' title='bbox 853 3027 1028 3116; x_wconf 90' lang='lat' dir='ltr'><strong>inscriptus</strong></span> <span class='ocrx_word' id='word_1_162' title='bbox 1047 3037 1107 3096; x_wconf 88' lang='lat' dir='ltr'><strong>est.</strong></span> 
     </span>
    </p>

    <p class='ocr_par' dir='ltr' id='par_1_5' title="bbox 114 3142 1247 4035">
     <span class='ocr_line' id='line_1_23' title="bbox 264 3142 1243 3233; baseline -0.002 -21"><span class='ocrx_word' id='word_1_163' title='bbox 264 3143 332 3213; x_wconf 90' lang='lat' dir='ltr'><strong>Hoc</strong></span> <span class='ocrx_word' id='word_1_164' title='bbox 350 3143 384 3212; x_wconf 94' lang='lat' dir='ltr'><strong>in</strong></span> <span class='ocrx_word' id='word_1_165' title='bbox 415 3145 571 3233; x_wconf 86' lang='lat' dir='ltr'><strong>opusculo</strong></span> <span class='ocrx_word' id='word_1_166' title='bbox 599 3143 721 3233; x_wconf 82' lang='lat' dir='ltr'><strong>flagitia</strong></span> <span class='ocrx_word' id='word_1_167' title='bbox 743 3143 778 3211; x_wconf 92' lang='lat' dir='ltr'><strong>in</strong></span> <span class='ocrx_word' id='word_1_168' title='bbox 805 3164 880 3232; x_wconf 86' lang='lat' dir='ltr'><strong>qnae</strong></span> <span class='ocrx_word' id='word_1_169' title='bbox 903 3142 1110 3211; x_wconf 85' lang='lat' dir='ltr'><strong>communius</strong></span> <span class='ocrx_word' id='word_1_170' title='bbox 1140 3142 1243 3210; x_wconf 87' lang='lat' dir='ltr'><strong>aetatis</strong></span> 
     </span>
     <span class='ocr_line' id='line_1_24' title="bbox 219 3255 1243 3346; baseline -0.004 -20"><span class='ocrx_word' id='word_1_171' title='bbox 219 3256 317 3346; x_wconf 87' lang='lat' dir='ltr'><strong>hujus</strong></span> <span class='ocrx_word' id='word_1_172' title='bbox 350 3257 459 3326; x_wconf 85' lang='lat' dir='ltr'><strong>elerici</strong></span> <span class='ocrx_word' id='word_1_173' title='bbox 485 3257 749 3346; x_wconf 86' lang='lat' dir='ltr'><strong>prolabebantur,</strong></span> <span class='ocrx_word' id='word_1_174' title='bbox 782 3255 955 3345; x_wconf 88' lang='lat' dir='ltr'><strong>apostolica</strong></span> <span class='ocrx_word' id='word_1_175' title='bbox 986 3255 1134 3323; x_wconf 89' lang='lat' dir='ltr'><strong>libertate</strong></span> <span class='ocrx_word' id='word_1_176' title='bbox 1170 3255 1243 3322; x_wconf 92' lang='lat' dir='ltr'><strong>des·</strong></span> 
     </span>
     <span class='ocr_line' id='line_1_25' title="bbox 218 3368 1243 3459; baseline -0.005 -21"><span class='ocrx_word' id='word_1_177' title='bbox 218 3370 325 3438; x_wconf 86' lang='lat' dir='ltr'><strong>cribit.</strong></span> <span class='ocrx_word' id='word_1_178' title='bbox 347 3369 424 3448; x_wconf 84' lang='lat' dir='ltr'><strong>Ouae</strong></span> <span class='ocrx_word' id='word_1_179' title='bbox 450 3390 553 3459; x_wconf 92' lang='lat' dir='ltr'><strong>quum</strong></span> <span class='ocrx_word' id='word_1_180' title='bbox 582 3369 705 3438; x_wconf 81' lang='lat' dir='ltr'><strong>referre</strong></span> <span class='ocrx_word' id='word_1_181' title='bbox 737 3369 867 3457; x_wconf 88' lang='lat' dir='ltr'><strong>pudeat,</strong></span> <span class='ocrx_word' id='word_1_182' title='bbox 889 3387 993 3456; x_wconf 88' lang='lat' dir='ltr'><strong>pauca</strong></span> <span class='ocrx_word' id='word_1_183' title='bbox 1025 3368 1175 3456; x_wconf 87' lang='lat' dir='ltr'><strong>quaedam</strong></span> <span class='ocrx_word' id='word_1_184' title='bbox 1195 3377 1243 3437; x_wconf 80' lang='lat' dir='ltr'><strong>at-</strong></span> 
     </span>
     <span class='ocr_line' id='line_1_26' title="bbox 218 3478 1244 3571; baseline -0.006 -19"><span class='ocrx_word' id='word_1_185' title='bbox 218 3483 345 3571; x_wconf 77' lang='lat' dir='ltr'><strong>tingere</strong></span> <span class='ocrx_word' id='word_1_186' title='bbox 358 3483 400 3551; x_wconf 91' lang='lat' dir='ltr'><strong>sit</strong></span> <span class='ocrx_word' id='word_1_187' title='bbox 414 3483 503 3552; x_wconf 90' lang='lat' dir='ltr'><strong>satis.</strong></span> <span class='ocrx_word' id='word_1_188' title='bbox 527 3481 650 3550; x_wconf 78' lang='lat' dir='ltr'><strong>«Heni</strong></span> <span class='ocrx_word' id='word_1_189' title='bbox 672 3483 772 3570; x_wconf 93' lang='lat' dir='ltr'><strong>pudet</strong></span> <span class='ocrx_word' id='word_1_190' title='bbox 792 3481 912 3562; x_wconf 87' lang='lat' dir='ltr'><strong>dicere,</strong></span> <span class='ocrx_word' id='word_1_191' title='bbox 931 3480 1031 3568; x_wconf 91' lang='lat' dir='ltr'><strong>pudet</strong></span> <span class='ocrx_word' id='word_1_192' title='bbox 1049 3490 1115 3546; x_wconf 91' lang='lat' dir='ltr'><strong>tam</strong></span> <span class='ocrx_word' id='word_1_193' title='bbox 1135 3478 1244 3570; x_wconf 77' lang='lat' dir='ltr'><strong>turpia</strong></span> 
     </span>
     <span class='ocr_line' id='line_1_27' title="bbox 219 3593 1245 3688; baseline -0.003 -23"><span class='ocrx_word' id='word_1_194' title='bbox 219 3597 341 3688; x_wconf 81' lang='lat' dir='ltr'><strong>flagitia</strong></span> <span class='ocrx_word' id='word_1_195' title='bbox 360 3599 460 3667; x_wconf 89' lang='lat' dir='ltr'><strong>sacris</strong></span> <span class='ocrx_word' id='word_1_196' title='bbox 480 3598 615 3666; x_wconf 89' lang='lat' dir='ltr'><strong>auribus</strong></span> <span class='ocrx_word' id='word_1_197' title='bbox 634 3597 806 3678; x_wconf 89' lang='lat' dir='ltr'><strong>intimare;</strong></span> <span class='ocrx_word' id='word_1_198' title='bbox 827 3597 896 3679; x_wconf 92' lang='lat' dir='ltr'><strong>sed,</strong></span> <span class='ocrx_word' id='word_1_199' title='bbox 918 3595 945 3663; x_wconf 88' lang='lat' dir='ltr'><strong>si</strong></span> <span class='ocrx_word' id='word_1_200' title='bbox 964 3593 1108 3662; x_wconf 89' lang='lat' dir='ltr'><strong>medicus</strong></span> <span class='ocrx_word' id='word_1_201' title='bbox 1133 3595 1245 3662; x_wconf 90' lang='lat' dir='ltr'><strong>horret</strong></span> 
     </span>
     <span class='ocr_line' id='line_1_28' title="bbox 219 3707 1242 3802; baseline -0.005 -22"><span class='ocrx_word' id='word_1_202' title='bbox 219 3713 307 3781; x_wconf 85' lang='lat' dir='ltr'><strong>visus</strong></span> <span class='ocrx_word' id='word_1_203' title='bbox 344 3714 526 3802; x_wconf 83' lang='lat' dir='ltr'><strong>plagarum,</strong></span> <span class='ocrx_word' id='word_1_204' title='bbox 558 3711 632 3801; x_wconf 91' lang='lat' dir='ltr'><strong>quis</strong></span> <span class='ocrx_word' id='word_1_205' title='bbox 656 3711 784 3779; x_wconf 86' lang='lat' dir='ltr'><strong>curabit</strong></span> <span class='ocrx_word' id='word_1_206' title='bbox 816 3709 970 3777; x_wconf 89' lang='lat' dir='ltr'><strong>adhibere</strong></span> <span class='ocrx_word' id='word_1_207' title='bbox 995 3707 1242 3776; x_wconf 86' lang='lat' dir='ltr'><strong>cauterium&#39;l...</strong></span> 
     </span>
     <span class='ocr_line' id='line_1_29' title="bbox 114 3823 1245 3920; baseline -0.005 -26"><span class='ocrx_word' id='word_1_208' title='bbox 114 3913 117 3920; x_wconf 68' lang='lat'><strong>,</strong></span> <span class='ocrx_word' id='word_1_209' title='bbox 220 3828 339 3897; x_wconf 86' lang='lat' dir='ltr'><strong>Vitium</strong></span> <span class='ocrx_word' id='word_1_210' title='bbox 371 3829 470 3917; x_wconf 80' lang='lat' dir='ltr'><strong>igitur</strong></span> <span class='ocrx_word' id='word_1_211' title='bbox 499 3838 612 3896; x_wconf 89' lang='lat' dir='ltr'><strong>contra</strong></span> <span class='ocrx_word' id='word_1_212' title='bbox 646 3837 795 3894; x_wconf 90' lang='lat' dir='ltr'><strong>naturam</strong></span> <span class='ocrx_word' id='word_1_213' title='bbox 846 3825 890 3892; x_wconf 90' lang='lat' dir='ltr'><strong>ita</strong></span> <span class='ocrx_word' id='word_1_214' title='bbox 929 3823 1030 3912; x_wconf 89' lang='lat' dir='ltr'><strong>serpit</strong></span> <span class='ocrx_word' id='word_1_215' title='bbox 1065 3833 1142 3890; x_wconf 88' lang='lat' dir='ltr'><strong>ut...</strong></span> <span class='ocrx_word' id='word_1_216' title='bbox 1182 3823 1245 3890; x_wconf 91' lang='lat' dir='ltr'><strong>nisi</strong></span> 
     </span>
     <span class='ocr_line' id='line_1_30' title="bbox 221 3941 1247 4035; baseline -0.006 -22"><span class='ocrx_word' id='word_1_217' title='bbox 221 3944 415 4035; x_wconf 85' lang='lat' dir='ltr'><strong>quantocius</strong></span> <span class='ocrx_word' id='word_1_218' title='bbox 445 3944 536 4013; x_wconf 87' lang='lat' dir='ltr'><strong>Sedis</strong></span> <span class='ocrx_word' id='word_1_219' title='bbox 566 3942 758 4031; x_wconf 85' lang='lat' dir='ltr'><strong>Apostolioae</strong></span> <span class='ocrx_word' id='word_1_220' title='bbox 783 3941 873 4030; x_wconf 81' lang='lat' dir='ltr'><strong>vigor</strong></span> <span class='ocrx_word' id='word_1_221' title='bbox 910 3949 1071 4024; x_wconf 90' lang='lat' dir='ltr'><strong>occurrat,</strong></span> <span class='ocrx_word' id='word_1_222' title='bbox 1102 3959 1168 4006; x_wconf 91' lang='lat' dir='ltr'><strong>non</strong></span> <span class='ocrx_word' id='word_1_223' title='bbox 1198 3950 1247 4007; x_wconf 88' lang='lat' dir='ltr'><strong>est</strong></span> 
     </span>
    </p>
   </div>
   <div class='ocr_carea' id='block_1_2' title="bbox 252 4137 555 4285">
    <p class='ocr_par' dir='ltr' id='par_1_6' title="bbox 252 4137 555 4285">
     <span class='ocr_line' id='line_1_31' title="bbox 252 4137 555 4202; baseline -0.007 -13"><span class='ocrx_word' id='word_1_224' title='bbox 252 4139 290 4202; x_wconf 87' lang='lat' dir='ltr'><strong>(l)</strong></span> <span class='ocrx_word' id='word_1_225' title='bbox 307 4138 393 4202; x_wconf 88' lang='lat' dir='ltr'><strong>Dam.‚</strong></span> <span class='ocrx_word' id='word_1_226' title='bbox 405 4138 479 4202; x_wconf 92' lang='lat' dir='ltr'><strong>epist.</strong></span> <span class='ocrx_word' id='word_1_227' title='bbox 495 4151 515 4201; x_wconf 89' lang='lat'><strong>1,</strong></span> <span class='ocrx_word' id='word_1_228' title='bbox 530 4137 555 4187; x_wconf 89' lang='grc'><strong>3.</strong></span> 
     </span>
     <span class='ocr_line' id='line_1_32' title="bbox 254 4218 554 4285; baseline -0.01 -15"><span class='ocrx_word' id='word_1_229' title='bbox 254 4219 291 4285; x_wconf 71' lang='lat'><strong>(2)</strong></span> <span class='ocrx_word' id='word_1_230' title='bbox 310 4219 396 4282; x_wconf 82' lang='lat' dir='ltr'><strong>Bam,</strong></span> <span class='ocrx_word' id='word_1_231' title='bbox 411 4218 486 4282; x_wconf 89' lang='lat' dir='ltr'><strong>epist.</strong></span> <span class='ocrx_word' id='word_1_232' title='bbox 499 4229 518 4278; x_wconf 88' lang='lat'><strong>1,</strong></span> <span class='ocrx_word' id='word_1_233' title='bbox 529 4218 554 4268; x_wconf 81' lang='lat'><strong>3.</strong></span> 
     </span>
    </p>
   </div>
   <div class='ocr_carea' id='block_1_3' title="bbox 0 0 1572 5066">
    <p class='ocr_par' dir='ltr' id='par_1_7' title="bbox 0 0 1572 5066">
     <span class='ocr_line' id='line_1_33' title="bbox 0 0 1572 5066; baseline 0 0"><span class='ocrx_word' id='word_1_234' title='bbox 0 0 1572 5066; x_wconf 95' lang='lat' dir='ltr'><strong> </strong></span> 
     </span>
    </p>
   </div>
  </div>
 </body>
</html>
