3110 5066
750 551 804 592 ·-
823 541 869 605 ll
887 577 927 590 -

380 672 425 742 Ex
443 673 494 742 his
514 683 621 744 autem
640 673 786 765 epistolis
803 673 846 762 (l)
865 673 971 763 primo
990 672 1207 762 colligendum
1237 679 1362 761 quanto

336 790 444 860 studio
464 789 607 880 religiosi
627 789 687 858 viri
700 789 964 858 reformationem
982 789 1017 856 in
1035 787 1177 858 Ecclesia
1189 783 1358 875 cuperent.

335 902 450 991 Magna
463 903 610 972 omnium
628 901 739 972 laetitia
758 913 909 992 exceptus
926 922 1028 970 novus
1054 899 1216 990 pontiiex;
1247 899 1287 967 ah
1320 919 1360 967 eo

335 1019 437 1087 multa
455 1019 650 1108 sperabant:
676 1045 691 1080 α
713 1019 894 1107 Reparetur
912 1037 1000 1086 nunc
1029 1035 1167 1084 aureum
1196 1015 1363 1104 Apostolo-

336 1153 411 1201 rum
430 1135 598 1219 saeculum,
620 1115 662 1218 et,
683 1134 876 1224 praesidente
899 1132 1010 1200 Vestra
1042 1130 1227 1214 Prudentia,
1258 1130 1362 1198 eccle-

336 1248 465 1320 siastica
484 1248 636 1320 refloreat
653 1249 834 1339 disciplina.
856 1248 1062 1337 Reprimatur
1080 1245 1213 1314 avaritia
1237 1245 1361 1334 episco-

335 1365 424 1454 pales
435 1365 552 1434 infulas
564 1365 802 1447 anhelantium
817 1373 1003 1432 evertantur
1014 1362 1176 1432 cathedrae
1195 1360 1361 1430 columbas

336 1477 544 1546 vendentium
562 1476 870 1546 nummulariorum.
896 1498 911 1542 v

360 1591 583 1661 ,Pisaurensis
603 1603 680 1662 tunc
698 1591 835 1661 ecclesia
863 1591 898 1660 in
929 1610 1030 1659 manu
1059 1598 1129 1659 erat
1160 1613 1174 1655 v
1209 1587 1359 1672 adulteri,

336 1705 511 1776 incestuosi
547 1708 620 1792 viri,
659 1707 783 1797 perjuri
819 1717 917 1796 atque
948 1705 1101 1794 raptoris.
1138 1731 1154 1768 o
1185 1704 1362 1773 Castellana

337 1841 480 1910 quoque,
501 1822 656 1890 Fanensis
676 1831 708 1890 et
725 1821 836 1890 multae
855 1821 927 1888 aliae
945 1818 1187 1909 anequissimis
1202 1816 1362 1906 episcopis

291 1935 299 1954 ⁸
337 1937 551 2023 regebantur;
575 1957 682 2026 neque
700 1945 904 2026 compertum
923 1937 1009 2004 unde
1027 1933 1180 2003 meliores
1196 1933 1359 2001 venirent:

340 2073 354 2115 ‹
379 2049 441 2116 Pro
461 2049 750 2138 peccatisnostris,
771 2049 879 2119 clerici
900 2049 989 2137 digni
1020 2049 1226 2138 episcopatus
1254 2045 1362 2115 cilicio

248 2143 251 2148 ¹
338 2161 373 2229 in
391 2163 510 2230 nostris
529 2162 676 2252 partibus
696 2183 762 2231 non
781 2161 1002 2230 inveniuntur.
1022 2183 1036 2226 r
1059 2159 1164 2240 Quare
1183 2159 1364 2248 archipres-

339 2277 488 2367 byterum
508 2280 681 2368 quemdam
700 2278 844 2367 pontilici
865 2278 1038 2346 Damianos
1051 2277 1120 2366 ipse
1132 2281 1363 2346 commendare

339 2411 405 2460 non
425 2393 561 2476 dubitat,
583 2412 649 2462 non
665 2394 743 2482 quia
754 2393 900 2482 dignum,
917 2395 972 2461 sed
983 2394 1082 2482 quod,
1096 2392 1213 2482 inquit,
1229 2415 1243 2456 a
1260 2411 1363 2480 quum

339 2505 598 2596 Sempronisnsis
625 2509 768 2578 ecclesiae
797 2507 955 2578 clericalis
985 2509 1065 2577 ordo
1095 2508 1130 2574 in
1153 2527 1225 2574 mea
1256 2517 1364 2574 mente

339 2621 524 2706 revolvitur,
564 2623 617 2692 hic
652 2624 827 2714 aliquando
858 2622 984 2692 eaeteris
1013 2622 1107 2712 quasi
1152 2621 1365 2690 meliusculus

339 2735 554 2806 invenitur.»
650 2789 654 2802 .

384 2848 540 2939 Gregorio
577 2865 697 2935 autem,
735 2860 839 2920 ntea
870 2837 1059 2939 corrigeret,
1094 2862 1221 2940 tempus
1251 2849 1365 2939 utique

341 2965 444 3036 deluit
459 2987 466 3032 ε
479 2986 564 3034 nam
583 2985 668 3034 anno
687 2985 797 3047 urnvr,
819 2986 922 3055 quum
943 2967 1102 3034 Henricus
1123 2966 1166 3033 lll
1187 2966 1366 3054 imperator

341 3081 375 3148 in
395 3081 521 3150 ltaliam
539 3081 637 3165 venit,
659 3091 725 3150 tres
746 3093 838 3149 erant
856 3081 954 3149 simul
969 3079 1136 3170 pontifices
1152 3103 1159 3148 :
1175 3081 1365 3150 Benedictus

342 3196 464 3266 scilicet
477 3197 530 3279 lll,
544 3195 701 3287 Sylvester
714 3197 757 3264 lll
771 3209 802 3265 et
817 3196 1003 3285 Gregorius.
1016 3196 1183 3267 Abdicanti
1193 3195 1363 3285 Gregorio,

341 3309 413 3378 aliis
431 3308 598 3393 revocatis,
620 3307 775 3378 successit
793 3308 982 3397 Suidgerus,
1009 3309 1256 3396 Bambsrgensis
1280 3308 1368 3396 epis-

342 3445 455 3513 copus,
477 3423 533 3514 qui
552 3423 622 3513 ipsa
634 3423 811 3492 Nativitatis
822 3419 874 3494 die
887 3436 1106 3509 consecratus,
1121 3424 1366 3514 imperatorem,

342 3539 478 3627 ejusque
497 3537 668 3626 conjugem
688 3541 855 3626 Agnetem,
890 3539 975 3608 inter
1000 3522 1173 3608 missarum
1206 3539 1365 3608 solemnia

343 3652 520 3720 coronavit.
560 3653 730 3720 Clementis
764 3653 792 3720 ll
830 3674 953 3721 numen
992 3665 1170 3742 acceperat.
1203 3655 1248 3720 Ad
1277 3655 1366 3722 hunc

345 3768 470 3851 Petrus,
492 3789 592 3857 quum
613 3770 744 3856 segnior
764 3769 796 3834 in
816 3771 940 3856 agendo
961 3769 1148 3838 videretur:
1179 3793 1193 3835 r
1228 3769 1266 3836 Et
1285 3770 1363 3858 quid

344 3885 487 3972 prodest,
502 3883 634 3952 Domine
654 3883 711 3966 mi,
736 3885 823 3972 quod
842 3884 1050 3973 apostolicam
1069 3886 1180 3954 sedern
1209 3885 1247 3953 de
1278 3897 1367 3954 tene-

376 4158 414 4222 (1)
429 4157 514 4222 Dum,
527 4157 601 4222 epist.
615 4171 634 4220 r,
645 4157 659 4207 l
672 4161 699 4207 et
709 4156 735 4206 2.
