3116 5050
717 1382 862 1458 CAPUT
887 1384 931 1458 X.

311 1878 422 1942 Legatus
434 1875 462 1926 in
471 1875 582 1928 Galliam
596 1876 737 1926 Damianus
749 1877 870 1928 mittitur.
885 1877 992 1938 -Quid
1006 1878 1038 1929 de
1051 1877 1220 1929 cluniacensi
1231 1892 1339 1930 monas·
1393 1879 1397 1886 '

341 1958 406 2008 torio
420 1956 542 2008 senserit
557 1985 582 1993 -
598 1957 783 2008 cluniacenses
795 1957 864 2008 inter
877 1964 902 2007 et
914 1959 1133 2009 Matisconensem
1145 1957 1297 2021 episcopum
1306 1959 1339 2010 lis

342 2039 374 2088 ab
393 2051 424 2088 eo
443 2035 614 2100 componitur.
640 2062 666 2074 -
689 2035 771 2099 liujus
796 2037 936 2102 singularis
955 2038 983 2086 in
1001 2038 1122 2088 abbatem
1144 2038 1339 2102 monachosque

341 2117 462 2166 charitas.
477 2142 506 2153 -
523 2115 642 2165 Damiaui
660 2115 693 2165 ad
714 2117 852 2168 Annonem
871 2099 989 2183 epistola.
1018 2143 1039 2156 -·
1057 2117 1162 2170 Cadaloi
1178 2104 1292 2168 schisma
1310 2118 1338 2168 iu

341 2199 481 2250 Mantuano
493 2197 591 2265 synodo
603 2197 772 2264 extinguitur.

355 2411 500 2480 Romano
520 2409 656 2479 concilio
674 2405 807 2497 (unani)
830 2408 975 2477 interfuit
993 2409 1100 2494 Hugo,
1118 2409 1339 2480 cluniacensis

312 2526 424 2608 abbas,
445 2525 479 2591 in
500 2525 622 2592 ltaliam
643 2524 808 2614 proiectus
826 2534 863 2592 ut
881 2524 1069 2592 monasterii
1094 2524 1145 2592 sui
1174 2525 1251 2614 jura
1282 2527 1340 2594 de·

312 2643 469 2710 tenderet.
491 2640 592 2710 Grave
611 2641 737 2729 pridem
758 2640 968 2709 cluniacense
986 2641 1171 2710 coenobium
1190 2639 1277 2708 inter
1308 2653 1341 2710 et

313 2754 576 2822 Matisconensem
614 2752 803 2842 episcopum
839 2751 1010 2822 dissidium
1047 2755 1087 2822 de
1117 2753 1342 2842 jurisdictione

313 2880 393 2936 erat.
415 2869 486 2937 lam
513 2869 547 2936 in
579 2852 715 2936 concilio
745 2868 830 2954 apud
861 2869 979 2952 husam
1009 2890 1111 2958 prope
1142 2869 1339 2958 Lugdunum
1404 2929 1408 2934 .

313 2983 423 3052 habito
453 2985 573 3070 (uxxv),
605 2981 708 3067 Odilo,
740 2982 958 3052 cluniacensis
989 2983 1101 3066 abbas,
1134 2984 1340 3074 privilegium

313 3099 514 3178 exhibuerat,
536 3120 555 3165 a
579 3097 725 3167 Romana
748 3098 949 3187 impertitum
969 3098 1123 3184 Ecclesia,
1145 3121 1211 3188 quo
1231 3121 1340 3190 neque

313 3213 551 3297 Matisconensi,
573 3234 678 3303 neque
697 3213 850 3302 cuiquam
870 3214 1051 3304 subjectum
1084 3215 1249 3305 episcopo,
1282 3219 1339 3285 sed

313 3348 449 3418 prorsus
468 3327 613 3396 immune
638 3327 871 3397 monasterium
892 3329 1130 3398 declarabatur.
1156 3332 1194 3397 nt
1215 3330 1338 3414 Patres,

314 3443 514 3512 Calcedonici
550 3445 641 3512 lectis
678 3444 805 3514 concilii
838 3444 1028 3528 canonibus,
1063 3465 1176 3526 omnes
1209 3446 1341 3536 cujusve

264 3606 271 3616 .
314 3555 458 3644 regionis
494 3556 626 3624 abbates
662 3567 693 3624 et
731 3557 919 3640 monachos,
953 3557 1087 3646 proprio
1119 3557 1339 3648 subjiciendos

315 3661 467 3751 episcopo
504 3663 687 3732 decrevere.
726 3662 796 3743 Qua
832 3664 992 3732 sententia
1029 3683 1194 3734 summum
1234 3665 1344 3734 Ponti·

314 3774 407 3843 ficem
427 3793 493 3844 nou
524 3795 595 3844 esse
625 3775 805 3846 canonibus
839 3776 1042 3865 superiorem
1071 3777 1166 3848 tacite
1197 3769 1343 3848 declara-

314 3886 391 3956 bant
411 3888 465 3974 (l).
936 3965 944 3980 ,
1374 3897 1377 3903 ’

359 4002 486 4070 Horum
505 4002 695 4071 auctoritate
715 4003 828 4086 fretus,
850 4005 968 4095 limgo,
989 4005 1232 4092 Matiscouensis
1258 4009 1345 4098 epis·

343 4212 380 4277 (1)
395 4212 490 4275 labbe,
508 4212 622 4280 Concit,
637 4219 656 4268 t.
669 4214 725 4282 Vll,
741 4229 767 4280 p.
779 4214 836 4270 859.
