3110 5066
652 576 843 638 -7-·

208 710 406 794 coenobium,
427 711 645 801 apud'rupem
665 733 739 801 quae
751 711 852 780 Petro
864 712 1002 782 Pertusa
1014 725 1233 803 nuncupatur,

208 825 328 894 iterum
348 826 468 896 missus
487 835 552 910 est;
574 826 608 895 in
627 848 691 916 quo
711 827 746 897 B.
774 827 943 897 Ronrualdi
973 828 1071 896 vitam
1102 849 1229 919 compo·
1287 817 1290 823 ’

209 941 285 1010 suit.
307 940 386 1009 inde
403 961 515 1011 rerum
540 952 689 1031 tempora
720 942 885 1033 praefinire
916 943 1002 1012 licet.
1034 943 1117 1012 Dicit
1147 945 1233 1013 enirn

208 1053 408 1122 Damianos:
433 1079 447 1121 u
469 1054 549 1123 Ecce
571 1055 632 1122 tria
646 1053 716 1144 jam
736 1055 803 1123 iere
834 1056 936 1124 lustra
965 1066 1126 1124 transacta
1156 1068 1233 1126 sunt

206 1187 244 1234 ex
261 1187 328 1257 quo
348 1167 382 1235 B.
404 1167 603 1237 Romnaidus
621 1171 661 1237 ad
681 1171 822 1239 aetherea
837 1191 937 1259 regna
950 1171 1185 1261 commigravit.
1212 1197 1226 1238 r

207 1280 313 1361 Quum
333 1281 463 1350 aliunde
483 1292 607 1350 constet
625 1283 843 1352 Romualdum
862 1304 947 1352 anno
967 1303 1078 1352 uxnvn
1098 1305 1168 1353 esse
1180 1286 1233 1354 de·

206 1398 353 1466 iunctum
374 1397 432 1485 (i),
466 1397 614 1486 seqnitur
643 1398 835 1466 Damianum
861 1418 948 1467 anno
978 1399 1108 1469 circiter
1140 1419 1233 1470 nunu
1299 1425 1301 1429 ’

205 1511 387 1600 scripsisse,
409 1511 514 1580 aetatis
534 1533 603 1582 suae
620 1511 787 1582 tricesimo
806 1513 933 1602 quinto.

229 1743 233 1749 “
250 1739 358 1809 Fontis
377 1750 486 1808 antem
506 1741 646 1810 Avellani
664 1741 836 1830 praefectus
852 1760 1048 1831 magnopere
1061 1741 1232 1810 laetabatur

206 1876 241 1924 se
261 1855 358 1922 talem
378 1855 538 1924 invenisse
567 1856 776 1944 discipulum,
799 1855 849 1924 cui
879 1857 981 1923 eremi
1011 1856 1233 1944 gubernacula

205 1991 322 2040 secure
359 1972 573 2059 permitteret.
615 1973 765 2040 Fratrum
803 1972 903 2060 igitur
941 1971 1076 2041 consitio
1107 1992 1247 2041 necnon

206 2088 399 2157 anctoritate
418 2110 509 2171 usus,
531 2099 629 2156 totam
656 2089 797 2158 coenobii
829 2089 1142 2158 administrationem
1173 2091 1233 2158 Da·

174 2219 176 2226 ’
206 2205 329 2286 miano,
351 2204 425 2272 licet
443 2203 614 2292 abneganti
630 2225 667 2272 ac
680 2204 845 2288 renitenti,
859 2215 932 2292 post
943 2225 977 2272 se
993 2205 1232 2294 suscipiendam

206 2319 380 2388 mandavit.
421 2317 521 2388 Paulo
551 2331 623 2406 post
648 2319 729 2387 obiit
756 2319 856 2408 ipse„
871 2319 1110 2408 Damianusque
1140 2321 1232 2410 prior

107 2487 110 2493 .
205 2430 307 2498 factus
338 2439 397 2512 est,
433 2449 530 2509 anno,
563 2440 599 2496 ut
632 2428 771 2510 videtur,
803 2447 918 2497 urnnr.
954 2429 1044 2496 Extat
1073 2431 1160 2498 enim
1191 2432 1230 2498 ad

206 2546 446 2627 Gebehardum,
472 2546 690 2612 Ravennatem
710 2545 989 2633 arehiepiscopum
1009 2545 1145 2632 epistola
1167 2567 1231 2634 qua

204 2682 280 2730 eum
314 2661 382 2750 jam
419 2660 475 2728 itto
513 2670 660 2749 tempore
697 2659 797 2728 fuisse
821 2660 1023 2748 'praeiectum
1061 2660 1230 2729 manifesto

204 2776 412 2866 perspicitur.
433 2775 644 2845 Gebeherdus
662 2786 772 2844 autern
790 2793 844 2843 xm
864 2775 947 2844 febr.
969 2794 1047 2842 ann.
1067 2792 1165 2842 uxmv
1178 2775 1232 2843 de·
1307 2777 1310 2783 “

320 2913 335 2961 s
407 2945 415 2960 .

204 2895 336 3074 faldidds
349 2902 433 3074 redis
445 3004 614 3072 Avellanus
626 3002 660 3069 in
670 3001 816 3085 Umbria,
833 3001 1071 3091 Eugubinaque
1084 3000 1133 3092 (t)
1146 3002 1227 3072 dioe-

202 3119 280 3202 cesi,
302 3119 360 3188 sud
381 3118 469 3208 ipsas
486 3117 648 3207 Apennini
666 3117 803 3198 radices,
837 3137 949 3187 versus
977 3116 1154 3198 Orientem,
1186 3117 1227 3186 ab

203 3234 275 3322 ipso
296 3234 443 3322 Eugubio
461 3253 514 3301 xiv
534 3233 613 3300 mitt.
635 3253 721 3322 pass.
743 3233 877 3300 distans.
901 3233 936 3300 ln
951 3233 1012 3301 hae
1044 3258 1059 3296 a
1092 3233 1229 3323 quietis-

204 3351 287 3420 sima
298 3349 471 3419 solitudine
484 3348 530 3438 (3)
544 3375 560 3413 »
574 3347 810 3431 eremitorium,
827 3349 913 3416 circa
925 3368 1047 3416 annum
1065 3347 1184 3417 Christi
1203 3365 1227 3418 tr

204 3469 221 3534 d
242 3465 411 3553 Ludulpho
431 3466 585 3555 quodam,
605 3463 756 3533 Gessonis
775 3463 855 3544 filio,
876 3473 1058 3532 extructum
1074 3463 1225 3532 traditur.

203 3581 392 3670 Lndulphus
411 3589 522 3671 postea
536 3578 731 3667 'Euguhinus
751 3577 922 3669 episcopus
942 3579 1044 3646 sactus
1063 3590 1123 3660 est,
1139 3579 1226 3669 quod
1328 3651 1330 3656 ,
1412 3578 1420 3594 “

202 3706 234 3763 et
254 3693 419 3764 nonnullis
438 3693 548 3762 Fontis
567 3691 708 3763 noetiani
728 3692 895 3760 monachis
915 3691 1061 3781 contigit,
1094 3691 1224 3762 tuliano

233 3879 270 3943 (t)
287 3880 357 3929 Actu
368 3876 540 3941 Sanctdmm,
552 3877 584 3928 ad
598 3876 669 3928 diem
679 3889 717 3929 rrr
728 3875 795 3927 febr.

230 3958 275 4022 (t).
283 3958 449 4023 uocantes,
461 3957 595 4012 hodiernis
609 3955 720 4019 Gubdio,
733 3955 864 4008 veteribus
877 3959 965 4006 autem
977 3953 1137 4019 loquuturus

231 4037 267 4100 (3)
282 4037 432 4101 Petrareha,
447 4037 487 4087 De
496 4037 552 4087 citu
562 4037 696 4098 solitarie,
711 4036 743 4100 ΙΙ,
760 4047 801 4097 111,
817 4034 856 4084 17.
869 4035 909 4085 De
923 4035 1069 4085 solitudine
1082 4035 1160 4085 Petri
1170 4035 1227 4085 Dc·

202 4117 298 4167 micui.
324 4116 421 4167 Locum
448 4116 564 4168 celebrat
584 4119 611 4166 et
629 4117 712 4174 Dante
733 4114 852 4174 versibus
878 4127 946 4179 quos
964 4115 1120 4166 recitantem
1139 4114 1226 4181 ipsum

199 4195 354 4248 Itamianum
365 4195 472 4248 inducit
482 4194 608 4260 (Porum,
622 4199 691 4246 cant.
702 4205 760 4258 m,
773 4209 798 4245 v.
811 4191 859 4248 106
869 4196 921 4260 sep)
