3116 5050
630 593 791 656 ..75-

196 722 251 806 vit,
287 743 395 813 neque
430 735 566 810 tamem·
596 736 730 816 propter
758 727 886 817 Alpium
915 738 1089 812 torrentes,
1118 729 1219 814 nives,

117 861 120 866 ·
194 839 385 929 praecipitia,
420 841 549 912 efficere
579 842 684 931 potuit
713 853 749 912 ut
777 845 816 912 ad
855 843 988 912 Fontem
1020 846 1219 928 Avellanam,

194 955 282 1024 unde
301 967 517 1044 processerat,
538 969 613 1027 ante
638 955 802 1028 rualend.
819 959 1005 1028 novembris
1024 959 1218 1049 perveniret.

193 1070 285 1138 Unde
303 1072 405 1140 multa
423 1073 577 1142 adversus
596 1074 779 1162 Hugonem,
801 1074 881 1142 tanti
900 1075 1021 1144 laboris
1040 1085 1219 1160 auctorem,

193 1177 310 1250 animo
333 1184 475 1272 agitavit.
499 1211 516 1250 e
536 1188 575 1255 m
594 1196 766 1276 postquam
786 1188 826 1256 ad
853 1187 1002 1256 cellulam
1030 1199 1220 1275 perventum

192 1308 252 1381 est,
285 1298 351 1366 imo
381 1312 553 1390 postquam
582 1301 616 1368 in
650 1322 701 1371 me
720 1302 802 1391 ipse,
825 1301 881 1391 qui
907 1302 1032 1371 fueram
1058 1303 1219 1384 exclusus,

192 1415 321 1499 intravi,
342 1436 416 1482 mox
438 1417 604 1486 aestuantis
626 1417 726 1486 animi
745 1418 838 1486 furor
856 1417 1067 1508 extinguitur,
1088 1428 1221 1486 conten-

191 1530 264 1598 tiosi
284 1530 377 1618 litigii
397 1533 531 1620 querela
549 1533 687 1622 sopitur,
708 1534 831 1601 clamor
850 1543 881 1602 et
901 1533 1079 1622 indignatio
1098 1544 1218 1623 praesto

192 1645 390 1734 deponitur;
422 1656 452 1714 et
477 1667 574 1718 omne
602 1650 691 1737 quod
710 1648 742 1718 in
771 1648 853 1718 meis
872 1648 1050 1718 visceribus
1069 1669 1218 1717 amarum

191 1761 309 1844 luerat,
331 1761 484 1831 divinitus
503 1763 697 1832 obdulcatur
717 1763 780 1852 (l).
807 1789 820 1830 e

237 1877 281 1945 De
310 1877 447 1946 Cadaloo
473 1899 539 1945 non
569 1891 638 1946 erat
668 1889 789 1946 actum.
815 1879 927 1968 ltaque
959 1881 1036 1947 dum
1056 1879 1089 1946 in
1108 1878 1220 1948 Galliis

190 1991 351 2080 legatione
380 1993 584 2080 fungeretur,
623 2019 636 2060 r
672 1994 705 2062 in
734 1995 961 2088 expeditionis,
978 1995 1035 2079 ait,
1067 1995 1218 2063 exercitio

190 2107 397 2190 constitutus,
418 2131 432 2172 t)
456 2109 494 2178 ad
516 2111 685 2178 Annonem
703 2109 1217 2199 Coloniensemarchiepiscopum

192 2223 322 2312 scripsit
341 2224 518 2314 Damianus
536 2235 573 2293 ut
591 2225 778 2295 inchoatum
806 2225 840 2292 in
867 2225 1052 2294 Osboriensi
1079 2226 1217 2294 concilio

190 2359 273 2426 opus
292 2341 423 2407 demum
443 2340 632 2408 absolveret.
656 2363 671 2406 r
707 2341 844 2409 Necesse
874 2351 934 2424 est,
956 2339 1074 2429 inquit,
1096 2353 1131 2408 ut
1150 2362 1219 2409 ves-

191 2464 240 2522 tra
259 2455 433 2542 prudentia
452 2455 525 2523 totis
557 2455 683 2524 nisibus
703 2455 858 2538 elaboret,
880 2464 1040 2544 qnatenus
1066 2457 1217 2543 generale

190 2569 361 2638 concilium
382 2571 575 2660 quantocius
593 2571 649 2639 fiat
662 2569 721 2659 (ᾖ).
746 2595 760 2636 n

237 2682 371 2773 Propter
390 2685 474 2752 banc
495 2683 676 2772 epistolam,
698 2683 792 2772 cujus
819 2683 903 2750 lama
933 2683 971 2750 ad
1004 2703 1038 2750 se
1061 2703 1217 2770 pervene-

190 2809 252 2880 rat,
285 2799 524 2868 Hildebrandus
561 2801 802 2888 Alexanderqne
833 2819 918 2887 papa
947 2797 1138 2865 damianum
1165 2819 1216 2866 re·

189 2915 443 3002 prehenderunt,
478 2915 571 3004 quasi
604 2915 681 3001 quid
708 2924 820 2982 contra
839 2915 994 2981 Romanae
1024 2913 1110 2981 sedis
1140 2935 1217 2981 auc·

189 3030 353 3097 toritatem
375 3029 574 3118 deliquisset.
596 3030 702 3110 Quare
722 3029 809 3116 ipsas
828 3030 866 3096 ad
887 3049 943 3096 eos
962 3028 1097 3107 litteras,
1112 3028 1215 3095 nihilo

187 3163 323 3230 prorsus
361 3133 544 3225 immutato,
583 3141 710 3212 remisit
748 3141 806 3228 (3).
845 3141 972 3208 Annoni
1016 3140 1212 3229 scripserat:

189 3277 204 3318 a
232 3253 384 3350 Libenter
413 3257 452 3322 ad
486 3255 606 3323 Vestrae
623 3253 807 3323 Sanctitatis
826 3253 1017 3342 alloquium,
1040 3251 1067 3320 si
1089 3252 1214 3320 occasio

189 3367 334 3450 daretur,
374 3368 579 3456 attingerem,
613 3377 649 3435 nt
687 3365 993 3435 communicandum
1027 3365 1212 3447 concilium,

188 3484 274 3571 quod
294 3483 441 3552 absentia
460 3482 622 3572 prohibet,
654 3482 722 3550 viva
752 3481 902 3550 conserti·
927 3479 1087 3549 sermonis
1117 3480 1215 3548 verba

186 3596 424 3664 conferrent.)
457 3596 503 3664 dd
533 3595 658 3664 ltaliam
685 3595 781 3684 paulo
813 3603 885 3682 post
922 3597 1013 3662 Anno
1050 3593 1214 3683 profectus

186 3722 246 3794 est,
267 3711 495 3801 Mantuamque
518 3720 691 3779 convocata
710 3711 863 3800 synodus.
885 3709 930 3777 Ea
948 3711 988 3777 de
1013 3729 1049 3777 re
1079 3710 1215 3777 Alexan·

185 3826 244 3894 der
262 3826 289 3894 ll
309 3826 626 3915 Hildebrandusque,
647 3825 700 3894 hic
718 3824 870 3916 equidem
889 3823 1015 3894 duriori
1041 3825 1136 3914 stylo,
1158 3823 1214 3892 ille

217 4053 254 4119 (l)
269 4053 350 4119 Epist.
362 4065 399 4119 m,
411 4054 437 4115 5,
451 4055 497 4105 Ad
507 4055 656 4107 monachos
669 4055 793 4108 cluniac.

216 4135 253 4200 (2)
268 4135 350 4200 Epist.
363 4147 403 4198 m,
415 4135 442 4186 6.

215 4216 249 4281 (³)
264 4216 345 4282 Epist.
355 4229 375 4283 1,
389 4215 430 4282 16,
442 4217 486 4267 Ad
497 4216 637 4296 Amcood.
648 4215 678 4267 11
690 4221 717 4267 et
729 4215 852 4267 Hildebr.
