3110 5066
756 565 916 626 ..24-

288 737 291 742 ·
372 694 447 774 Haec
467 695 641 766 Damianos
659 699 698 764 ad
714 697 903 780 Henricum,
920 698 1136 768 Ravennatem
1149 699 1351 788 episcopum,

328 833 431 900 aquo
452 811 556 880 luerat
575 833 613 882 ea
633 814 726 882 dere
747 815 926 882 consultus.
947 812 1007 893 Qui
1027 813 1126 882 simul
1144 825 1291 885 suaserat
1316 823 1354 882 ut

329 927 449 996 litteras
469 926 543 1012 sibi,
566 952 580 994 r
605 928 822 998 taciturnitate
841 929 996 1018 signatas,
1028 952 1042 994 v
1079 929 1197 1020 majori
1227 929 1353 999 cautela

327 1043 519 1111 remitteret.
544 1067 558 1108 ι
580 1043 708 1112 bbsita
730 1065 794 1127 me,
816 1044 982 1133 respondit
999 1045 1049 1114 vir
1068 1054 1232 1129 strenuus,
1254 1054 1291 1114 ut
1316 1045 1352 1112 in

331 1157 385 1225 tali
417 1158 547 1246 negotio
576 1161 658 1226 dura
691 1180 825 1249 prorsus
853 1171 884 1228 et
913 1181 1028 1249 aspera
1059 1159 1192 1249 'perpeti
1224 1159 1354 1229 subter·

329 1273 493 1361 fugiam...
516 1274 585 1342 lmo
607 1286 679 1363 peto
694 1285 729 1343 ut
749 1275 884 1363 epistola
902 1277 972 1344 haec
990 1276 1024 1343 in
1041 1275 1206 1364 publicum
1232 1274 1351 1358 veniat,

330 1389 440 1476 sicque
460 1409 519 1478 per
538 1411 591 1458 vos
610 1391 688 1480 quid
719 1411 818 1485 super
847 1391 909 1460 hoc
939 1390 1036 1458 totius
1063 1390 1178 1459 mundi
1209 1389 1355 1478 periculo

329 1504 534 1574 sentiendum
552 1506 604 1588 sit,
626 1507 777 1574 omuibus
797 1506 977 1574 innotescat
996 1506 1057 1596 (l).
1083 1530 1097 1572 v

373 1621 523 1703 iustitiae,
561 1621 715 1704 veritatis,
748 1621 991 1710 disciplinaque
1032 1622 1194 1710 ingenuus
1229 1629 1356 1688 amator

331 1733 506 1802 Damianos
525 1745 607 1818 erat,
628 1755 720 1824 quas,
743 1734 770 1802 si
789 1735 997 1817 lederentur,
1019 1735 1108 1802 nullo
1138 1745 1233 1823 pacto
1263 1735 1355 1803 cohi-

329 1850 399 1918 beri
419 1827 551 1939 poterat
564 1849 644 1939 quin
662 1861 772 1938 aperte
792 1850 989 1918 defenderet.
1024 1851 1063 1918 vlt
1091 1850 1125 1916 in
1150 1849 1353 1939 corrigendis

332 1965 478 2034 moribus
516 1976 590 2034 ante
607 1962 610 1968 ’
628 1965 736 2033 omnia
773 1965 908 2049 delirus,
949 1965 1042 2033 facile
1071 1965 1226 2033 intellexit
1256 1986 1356 2061 qoam

332 2103 464 2150 necesse
482 2082 566 2150 foret
585 2091 620 2150 ut
639 2082 790 2150 omnibus
810 2082 881 2150 vitae
901 2081 1044 2149 melioris
1064 2082 1247 2170 exemplum
1266 2083 1357 2170 prin-

333 2197 421 2284 cipes
441 2197 591 2266 Ecclesiae
611 2198 736 2266 darent.
758 2197 864 2277 Quare
894 2197 934 2265 ad
964 2197 1144 2265 cardinales
1172 2197 1354 2287 episcopos,

331 2313 503 2382 cardinalis
541 2312 610 2402 ipse
649 2313 791 2381 scribere
827 2312 948 2381 statuit.
989 2313 1048 2381 Sed
1086 2333 1201 2402 quum,
1240 2313 1357 2382 merito

336 2429 480 2518 quidem,
503 2429 724 2518 suspicaretur
744 2429 860 2496 duram
879 2449 934 2496 eos
952 2428 1119 2496 veritatem
1139 2449 1158 2496 a
1188 2429 1259 2517 pari
1288 2429 1357 2498 viro

335 2565 400 2612 oon
419 2544 512 2614 facile
531 2555 730 2635 recepturos,
751 2544 841 2614 hisce
868 2543 975 2611 verbis
1001 2545 1148 2612 callidior
1177 2544 1353 2612 exorditur.

384 2657 638 2728 «Castrensium
666 2657 884 2747 specularum,
915 2656 1095 2725 turriumve
1125 2657 1286 2739 custodes,
1321 2667 1357 2724 ut

337 2795 370 2844 se
407 2773 589 2864 promptius
627 2773 798 2840 exhibeant
827 2772 1019 2860 intempesta
1049 2779 1142 2839 nocte
1172 2769 1356 2860 pervigiles,

337 2892 495 2960 clamosas
536 2887 665 2956 sibimet
704 2887 842 2957 invicem
872 2908 958 2976 saepe
990 2886 1135 2975 dirigunt
1165 2906 1282 2971 voces;
1315 2887 1362 2956 sic

337 3006 459 3095 itaque,
481 3006 559 3073 dum
579 3005 659 3073 alios
679 3005 828 3086 excitant,
849 3003 1039 3091 semetipsos
1058 2989 1171 3092 utique
1195 3004 1234 3072 ad
1266 3024 1362 3093 pera·

337 3123 458 3212 gendes
477 3121 627 3190 excubias
646 3120 865 3209 vigilantiores
885 3117 1024 3188 servant.
1049 3118 1114 3208 Ego
1134 3140 1277 3209 quoque,
1303 3120 1357 3210 qui

263 3274 268 3288 =
338 3259 398 3328 pro
441 3238 554 3307 castris
585 3236 807 3308 ecclesiasticae
835 3235 959 3304 militiae
990 3235 1143 3304 stantium
1183 3249 1361 3326 utcumque

339 3353 499 3443 particeps
518 3374 589 3420 esse
608 3362 738 3421 coactus
757 3372 842 3432 sum,
865 3353 901 3418 ad
924 3372 990 3433 vos,
1011 3351 1219 3420 Venerabiles
1237 3351 1361 3436 Patres,

339 3468 400 3537 iste
418 3468 601 3551 conscribo,
623 3478 656 3536 et
674 3466 821 3558 impolito
841 3469 933 3556 stylo,
967 3467 1060 3556 quasi
1094 3467 1202 3554 raucis
1231 3469 1364 3537 vocibus

339 3594 525 3673 perstrepo;
547 3587 612 3652 non
638 3594 675 3652 ut
701 3604 755 3652 vos
782 3604 882 3672 sopor
913 3585 1052 3669 deserat,
1086 3592 1196 3672 utpote
1228 3593 1361 3653 strenue

338 3700 519 3789 vigilantes,
540 3702 594 3768 sed
614 3709 651 3767 ut
667 3719 720 3768 me
739 3699 846 3788 potius
865 3697 1010 3767 excitem.
1038 3723 1064 3764 v
1095 3698 1164 3778 Quo
1194 3697 1293 3781 dicto,
1325 3719 1363 3767 ea

340 3816 480 3906 collegas
498 3815 634 3885 liberius
653 3816 765 3884 edocet
783 3836 856 3904 quae
875 3815 936 3883 bac
954 3813 1057 3904 ipsius
1088 3814 1245 3882 sententia
1274 3834 1363 3882 com-

372 4115 410 4178 (t)
427 4115 500 4165 Hanc
513 4113 546 4164 ad
562 4112 666 4165 cadaloi
681 4111 796 4162 schisma
810 4111 891 4162 relert
906 4111 1042 4175 epistolam
1061 4111 1245 4162 Constantinus
1265 4111 1366 4176 Cajeta-

341 4209 401 4258 uus,
409 4193 450 4244 vir
460 4206 524 4244 sane
535 4193 660 4256 eruditus,
673 4191 846 4256 quinamiani
856 4205 935 4256 opera
949 4190 1037 4242 edidit.
1050 4191 1201 4243 Manifestus
1212 4205 1294 4242 error.
