<?xml version="1.0" encoding="UTF-8"?>
<!DOCTYPE html PUBLIC "-//W3C//DTD XHTML 1.0 Transitional//EN"
    "http://www.w3.org/TR/xhtml1/DTD/xhtml1-transitional.dtd">
<html xmlns="http://www.w3.org/1999/xhtml" xml:lang="en" lang="en">
 <head>
  <title>
</title>
<meta http-equiv="Content-Type" content="text/html;charset=utf-8" />
  <meta name='ocr-system' content='tesseract 3.04.00' />
  <meta name='ocr-capabilities' content='ocr_page ocr_carea ocr_par ocr_line ocrx_word'/>
</head>
<body>
  <div class='ocr_page' id='page_1' title='image "./depetrodamianoo00guergoog_0040.png"; bbox 0 0 3110 5066; ppageno 0'>
   <div class='ocr_carea' id='block_1_1' title="bbox 582 1485 920 1589">
    <p class='ocr_par' dir='ltr' id='par_1_1' title="bbox 582 1485 920 1589">
     <span class='ocr_line' id='line_1_1' title="bbox 582 1485 920 1589; baseline 0.006 -29"><span class='ocrx_word' id='word_1_1' title='bbox 582 1485 728 1561; x_wconf 75' lang='lat' dir='ltr'><strong>cerua</strong></span> <span class='ocrx_word' id='word_1_2' title='bbox 755 1487 811 1562; x_wconf 78' lang='grc' dir='ltr'><strong>ιν.</strong></span> <span class='ocrx_word' id='word_1_3' title='bbox 916 1581 920 1589; x_wconf 37' lang='grc'>,</span> 
     </span>
    </p>
   </div>
   <div class='ocr_carea' id='block_1_2' title="bbox 186 1985 1215 2278">
    <p class='ocr_par' dir='ltr' id='par_1_2' title="bbox 186 1985 1215 2278">
     <span class='ocr_line' id='line_1_2' title="bbox 186 1985 1215 2052; baseline 0.003 -16"><span class='ocrx_word' id='word_1_4' title='bbox 186 1985 328 2050; x_wconf 84' lang='lat' dir='ltr'><strong>Episcopus</strong></span> <span class='ocrx_word' id='word_1_5' title='bbox 344 1991 446 2036; x_wconf 88' lang='lat' dir='ltr'><strong>creatur</strong></span> <span class='ocrx_word' id='word_1_6' title='bbox 467 1987 617 2044; x_wconf 84' lang='lat' dir='ltr'><strong>Damianus,</strong></span> <span class='ocrx_word' id='word_1_7' title='bbox 634 1987 759 2050; x_wconf 82' lang='lat' dir='ltr'><strong>Sacrique</strong></span> <span class='ocrx_word' id='word_1_8' title='bbox 776 1987 884 2052; x_wconf 80' lang='lat' dir='ltr'><strong>collegii</strong></span> <span class='ocrx_word' id='word_1_9' title='bbox 897 1987 1019 2038; x_wconf 87' lang='lat' dir='ltr'><strong>decanus.</strong></span> <span class='ocrx_word' id='word_1_10' title='bbox 1037 2015 1063 2023; x_wconf 78' lang='lat'>-</span> <span class='ocrx_word' id='word_1_11' title='bbox 1077 1988 1115 2038; x_wconf 87' lang='lat' dir='ltr'><strong>De</strong></span> <span class='ocrx_word' id='word_1_12' title='bbox 1131 1989 1215 2041; x_wconf 87' lang='lat' dir='ltr'><strong>Bene-</strong></span> 
     </span>
     <span class='ocr_line' id='line_1_3' title="bbox 218 2065 1215 2132; baseline 0.005 -18"><span class='ocrx_word' id='word_1_13' title='bbox 218 2065 287 2116; x_wconf 82' lang='lat' dir='ltr'><strong>dicta</strong></span> <span class='ocrx_word' id='word_1_14' title='bbox 304 2066 424 2130; x_wconf 76' lang='lat' dir='ltr'>antipapa</span> <span class='ocrx_word' id='word_1_15' title='bbox 439 2071 464 2116; x_wconf 89' lang='lat' dir='ltr'><strong>et</strong></span> <span class='ocrx_word' id='word_1_16' title='bbox 477 2066 584 2116; x_wconf 90' lang='lat' dir='ltr'><strong>Nicolao</strong></span> <span class='ocrx_word' id='word_1_17' title='bbox 603 2067 634 2117; x_wconf 91' lang='lat'><strong>11.</strong></span> <span class='ocrx_word' id='word_1_18' title='bbox 658 2095 682 2102; x_wconf 95' lang='lat'>-</span> <span class='ocrx_word' id='word_1_19' title='bbox 703 2067 823 2117; x_wconf 86' lang='lat' dir='ltr'><strong>Damiani</strong></span> <span class='ocrx_word' id='word_1_20' title='bbox 841 2067 874 2116; x_wconf 91' lang='lat' dir='ltr'><strong>ad</strong></span> <span class='ocrx_word' id='word_1_21' title='bbox 893 2067 1037 2118; x_wconf 79' lang='lat' dir='ltr'>cardinales</span> <span class='ocrx_word' id='word_1_22' title='bbox 1056 2068 1164 2132; x_wconf 86' lang='lat' dir='ltr'><strong>epistola</strong></span> <span class='ocrx_word' id='word_1_23' title='bbox 1182 2068 1215 2119; x_wconf 88' lang='lat' dir='ltr'><strong>da</strong></span> 
     </span>
     <span class='ocr_line' id='line_1_4' title="bbox 218 2147 1215 2223; baseline 0.005 -28"><span class='ocrx_word' id='word_1_24' title='bbox 218 2147 334 2197; x_wconf 86' lang='lat' dir='ltr'><strong>moribus</strong></span> <span class='ocrx_word' id='word_1_25' title='bbox 352 2147 533 2197; x_wconf 78' lang='lat' dir='ltr'><strong>reformandis.</strong></span> <span class='ocrx_word' id='word_1_26' title='bbox 556 2175 585 2185; x_wconf 90' lang='lat'><em>-</em></span> <span class='ocrx_word' id='word_1_27' title='bbox 606 2148 655 2208; x_wconf 83' lang='lat' dir='ltr'><strong>Qui</strong></span> <span class='ocrx_word' id='word_1_28' title='bbox 676 2148 773 2223; x_wconf 78' lang='lat' dir='ltr'><strong>suerint</strong></span> <span class='ocrx_word' id='word_1_29' title='bbox 795 2147 877 2212; x_wconf 87' lang='lat' dir='ltr'><strong>ipsius</strong></span> <span class='ocrx_word' id='word_1_30' title='bbox 899 2149 1019 2199; x_wconf 88' lang='lat' dir='ltr'><strong>Damiani</strong></span> <span class='ocrx_word' id='word_1_31' title='bbox 1039 2163 1135 2212; x_wconf 86' lang='lat' dir='ltr'><strong>mores,</strong></span> <span class='ocrx_word' id='word_1_32' title='bbox 1157 2161 1215 2213; x_wconf 77' lang='lat' dir='ltr'><strong>quaa</strong></span> 
     </span>
     <span class='ocr_line' id='line_1_5' title="bbox 218 2227 309 2278; baseline 0.022 -2"><span class='ocrx_word' id='word_1_33' title='bbox 218 2227 309 2278; x_wconf 79' lang='lat' dir='ltr'><strong>virtus.</strong></span> 
     </span>
    </p>
   </div>
   <div class='ocr_carea' id='block_1_3' title="bbox 234 2437 1217 2530">
    <p class='ocr_par' dir='ltr' id='par_1_3' title="bbox 234 2437 1217 2530">
     <span class='ocr_line' id='line_1_6' title="bbox 234 2437 1217 2530; baseline 0.004 -24"><span class='ocrx_word' id='word_1_34' title='bbox 234 2437 440 2525; x_wconf 82' lang='lat' dir='ltr'><strong>Epraadictis</strong></span> <span class='ocrx_word' id='word_1_35' title='bbox 468 2440 674 2508; x_wconf 80' lang='lat' dir='ltr'><strong>manifestum</strong></span> <span class='ocrx_word' id='word_1_36' title='bbox 707 2449 828 2528; x_wconf 86' lang='lat' dir='ltr'><strong>quanta</strong></span> <span class='ocrx_word' id='word_1_37' title='bbox 843 2439 911 2530; x_wconf 90' lang='lat' dir='ltr'><strong>jam</strong></span> <span class='ocrx_word' id='word_1_38' title='bbox 932 2441 1015 2508; x_wconf 83' lang='lat' dir='ltr'><strong>sama</strong></span> <span class='ocrx_word' id='word_1_39' title='bbox 1048 2439 1160 2510; x_wconf 88' lang='lat' dir='ltr'><strong>Petrus</strong></span> <span class='ocrx_word' id='word_1_40' title='bbox 1185 2450 1217 2510; x_wconf 84' lang='lat' dir='ltr'><strong>at</strong></span> 
     </span>
    </p>
   </div>
   <div class='ocr_carea' id='block_1_4' title="bbox 182 2553 1216 3905">
    <p class='ocr_par' dir='ltr' id='par_1_4' title="bbox 187 2553 1216 2755">
     <span class='ocr_line' id='line_1_7' title="bbox 188 2553 1216 2646; baseline 0.005 -25"><span class='ocrx_word' id='word_1_41' title='bbox 188 2553 378 2622; x_wconf 85' lang='lat' dir='ltr'><strong>auctoritate</strong></span> <span class='ocrx_word' id='word_1_42' title='bbox 398 2556 545 2644; x_wconf 86' lang='lat' dir='ltr'><strong>polleret,</strong></span> <span class='ocrx_word' id='word_1_43' title='bbox 562 2577 664 2644; x_wconf 91' lang='lat' dir='ltr'><strong>quum</strong></span> <span class='ocrx_word' id='word_1_44' title='bbox 683 2555 801 2624; x_wconf 88' lang='lat' dir='ltr'><strong>Victori</strong></span> <span class='ocrx_word' id='word_1_45' title='bbox 822 2556 848 2624; x_wconf 93' lang='lat' dir='ltr'><strong>ll</strong></span> <span class='ocrx_word' id='word_1_46' title='bbox 868 2556 1021 2624; x_wconf 87' lang='lat' dir='ltr'><strong>successit</strong></span> <span class='ocrx_word' id='word_1_47' title='bbox 1034 2556 1216 2646; x_wconf 74' lang='lat' dir='ltr'><strong>Stephanus</strong></span> 
     </span>
     <span class='ocr_line' id='line_1_8' title="bbox 187 2666 489 2755; baseline 0.007 -23"><span class='ocrx_word' id='word_1_48' title='bbox 187 2667 283 2754; x_wconf 83' lang='lat' dir='ltr'><strong>vulgo</strong></span> <span class='ocrx_word' id='word_1_49' title='bbox 302 2666 344 2734; x_wconf 84' lang='lat' dir='ltr'><strong>lx</strong></span> <span class='ocrx_word' id='word_1_50' title='bbox 359 2667 489 2755; x_wconf 77' lang='lat' dir='ltr'><strong>(nuru.)</strong></span> 
     </span>
    </p>

    <p class='ocr_par' dir='ltr' id='par_1_5' title="bbox 187 2777 1215 3207">
     <span class='ocr_line' id='line_1_9' title="bbox 232 2777 1213 2871; baseline 0.002 -23"><span class='ocrx_word' id='word_1_51' title='bbox 232 2781 360 2859; x_wconf 87' lang='lat' dir='ltr'><strong>Nonum</strong></span> <span class='ocrx_word' id='word_1_52' title='bbox 380 2792 489 2851; x_wconf 89' lang='lat' dir='ltr'><strong>autem</strong></span> <span class='ocrx_word' id='word_1_53' title='bbox 508 2803 630 2852; x_wconf 90' lang='lat' dir='ltr'><strong>annum</strong></span> <span class='ocrx_word' id='word_1_54' title='bbox 650 2783 772 2866; x_wconf 86' lang='lat' dir='ltr'><strong>omnia,</strong></span> <span class='ocrx_word' id='word_1_55' title='bbox 801 2783 990 2871; x_wconf 84' lang='lat' dir='ltr'><strong>pontificum</strong></span> <span class='ocrx_word' id='word_1_56' title='bbox 1012 2777 1156 2870; x_wconf 87' lang='lat' dir='ltr'><strong>nornine,</strong></span> <span class='ocrx_word' id='word_1_57' title='bbox 1178 2783 1213 2850; x_wconf 93' lang='lat' dir='ltr'><strong>in</strong></span> 
     </span>
     <span class='ocr_line' id='line_1_10' title="bbox 187 2897 1215 2992; baseline 0.004 -29"><span class='ocrx_word' id='word_1_58' title='bbox 187 2897 333 2964; x_wconf 85' lang='lat' dir='ltr'><strong>Romana</strong></span> <span class='ocrx_word' id='word_1_59' title='bbox 363 2897 504 2992; x_wconf 78' lang='lat' dir='ltr'><strong>Ecclesia</strong></span> <span class='ocrx_word' id='word_1_60' title='bbox 542 2898 675 2986; x_wconf 81' lang='lat' dir='ltr'><strong>regebat</strong></span> <span class='ocrx_word' id='word_1_61' title='bbox 707 2899 755 2966; x_wconf 90' lang='lat' dir='ltr'><strong>vir</strong></span> <span class='ocrx_word' id='word_1_62' title='bbox 780 2899 929 2988; x_wconf 82' lang='lat' dir='ltr'><strong>inclytus.</strong></span> <span class='ocrx_word' id='word_1_63' title='bbox 959 2898 1215 2980; x_wconf 78' lang='lat' dir='ltr'><strong>tlitoebrandus,</strong></span> 
     </span>
     <span class='ocr_line' id='line_1_11' title="bbox 187 3009 1212 3100; baseline 0.003 -25"><span class='ocrx_word' id='word_1_64' title='bbox 187 3009 243 3098; x_wconf 87' lang='lat' dir='ltr'><strong>qui</strong></span> <span class='ocrx_word' id='word_1_65' title='bbox 273 3009 492 3079; x_wconf 83' lang='lat' dir='ltr'><strong>Cluniaoensis</strong></span> <span class='ocrx_word' id='word_1_66' title='bbox 520 3011 596 3078; x_wconf 88' lang='lat' dir='ltr'><strong>olim</strong></span> <span class='ocrx_word' id='word_1_67' title='bbox 627 3011 766 3080; x_wconf 86' lang='lat' dir='ltr'><strong>coenobii</strong></span> <span class='ocrx_word' id='word_1_68' title='bbox 793 3012 984 3094; x_wconf 88' lang='lat' dir='ltr'><strong>monachus,</strong></span> <span class='ocrx_word' id='word_1_69' title='bbox 1006 3013 1081 3079; x_wconf 86' lang='lat' dir='ltr'><strong>dein</strong></span> <span class='ocrx_word' id='word_1_70' title='bbox 1108 3010 1212 3100; x_wconf 89' lang='lat' dir='ltr'><strong>prior,</strong></span> 
     </span>
     <span class='ocr_line' id='line_1_12' title="bbox 187 3124 1189 3207; baseline 0 -15"><span class='ocrx_word' id='word_1_71' title='bbox 187 3125 336 3207; x_wconf 86' lang='lat' dir='ltr'>Romam,</span> <span class='ocrx_word' id='word_1_72' title='bbox 358 3125 484 3193; x_wconf 88' lang='lat' dir='ltr'><strong>deserta</strong></span> <span class='ocrx_word' id='word_1_73' title='bbox 503 3124 604 3194; x_wconf 87' lang='lat' dir='ltr'><strong>Gaiiia</strong></span> <span class='ocrx_word' id='word_1_74' title='bbox 623 3136 766 3206; x_wconf 87' lang='lat' dir='ltr'><strong>venerat,</strong></span> <span class='ocrx_word' id='word_1_75' title='bbox 789 3125 927 3194; x_wconf 85' lang='lat' dir='ltr'><strong>Leonem</strong></span> <span class='ocrx_word' id='word_1_76' title='bbox 946 3125 988 3194; x_wconf 82' lang='lat' dir='ltr'><strong>tx</strong></span> <span class='ocrx_word' id='word_1_77' title='bbox 1003 3125 1189 3193; x_wconf 87' lang='lat' dir='ltr'><strong>comitatus.</strong></span> 
     </span>
    </p>

    <p class='ocr_par' dir='ltr' id='par_1_6' title="bbox 182 3240 1213 3905">
     <span class='ocr_line' id='line_1_13' title="bbox 231 3240 1211 3330; baseline 0.002 -24"><span class='ocrx_word' id='word_1_78' title='bbox 231 3240 419 3308; x_wconf 87' lang='lat' dir='ltr'><strong>Vehementi</strong></span> <span class='ocrx_word' id='word_1_79' title='bbox 435 3241 642 3309; x_wconf 76' lang='lat' dir='ltr'><strong>restituendae</strong></span> <span class='ocrx_word' id='word_1_80' title='bbox 656 3241 835 3330; x_wconf 82' lang='lat' dir='ltr'><strong>disciplinae</strong></span> <span class='ocrx_word' id='word_1_81' title='bbox 852 3241 958 3308; x_wconf 88' lang='lat' dir='ltr'><strong>studio</strong></span> <span class='ocrx_word' id='word_1_82' title='bbox 980 3240 1211 3325; x_wconf 79' lang='lat' dir='ltr'><strong>infiammatus,</strong></span> 
     </span>
     <span class='ocr_line' id='line_1_14' title="bbox 187 3344 1212 3446; baseline 0.003 -24"><span class='ocrx_word' id='word_1_83' title='bbox 187 3377 248 3424; x_wconf 87' lang='lat' dir='ltr'><strong>nec</strong></span> <span class='ocrx_word' id='word_1_84' title='bbox 267 3356 421 3446; x_wconf 86' lang='lat' dir='ltr'><strong>ignorans</strong></span> <span class='ocrx_word' id='word_1_85' title='bbox 440 3367 594 3446; x_wconf 89' lang='lat' dir='ltr'><strong>quantam</strong></span> <span class='ocrx_word' id='word_1_86' title='bbox 615 3357 689 3440; x_wconf 84' lang='lat' dir='ltr'><strong>sibi,</strong></span> <span class='ocrx_word' id='word_1_87' title='bbox 710 3357 744 3424; x_wconf 90' lang='lat' dir='ltr'><strong>in</strong></span> <span class='ocrx_word' id='word_1_88' title='bbox 770 3378 807 3425; x_wconf 89' lang='lat' dir='ltr'><strong>ea</strong></span> <span class='ocrx_word' id='word_1_89' title='bbox 826 3344 862 3424; x_wconf 90' lang='lat' dir='ltr'><strong>re</strong></span> <span class='ocrx_word' id='word_1_90' title='bbox 882 3377 1014 3444; x_wconf 87' lang='lat' dir='ltr'><strong>operam</strong></span> <span class='ocrx_word' id='word_1_91' title='bbox 1038 3356 1212 3434; x_wconf 82' lang='lat' dir='ltr'><strong>Damianos</strong></span> 
     </span>
     <span class='ocr_line' id='line_1_15' title="bbox 188 3469 1213 3559; baseline 0.003 -24"><span class='ocrx_word' id='word_1_92' title='bbox 188 3480 330 3552; x_wconf 87' lang='lat' dir='ltr'><strong>navarat,</strong></span> <span class='ocrx_word' id='word_1_93' title='bbox 360 3480 473 3538; x_wconf 81' lang='lat' dir='ltr'><strong>auctor</strong></span> <span class='ocrx_word' id='word_1_94' title='bbox 498 3469 566 3558; x_wconf 89' lang='lat' dir='ltr'><strong>ipsa</strong></span> <span class='ocrx_word' id='word_1_95' title='bbox 595 3469 656 3538; x_wconf 87' lang='lat' dir='ltr'><strong>fuit</strong></span> <span class='ocrx_word' id='word_1_96' title='bbox 683 3470 732 3559; x_wconf 88' lang='lat' dir='ltr'><strong>(i)</strong></span> <span class='ocrx_word' id='word_1_97' title='bbox 753 3491 812 3538; x_wconf 91' lang='lat' dir='ltr'><strong>cur</strong></span> <span class='ocrx_word' id='word_1_98' title='bbox 825 3469 936 3540; x_wconf 83' lang='lat' dir='ltr'><strong>Fontis</strong></span> <span class='ocrx_word' id='word_1_99' title='bbox 961 3471 1100 3538; x_wconf 74' lang='lat' dir='ltr'><strong>avellani</strong></span> <span class='ocrx_word' id='word_1_100' title='bbox 1129 3492 1213 3558; x_wconf 81' lang='lat' dir='ltr'><strong>prae·</strong></span> 
     </span>
     <span class='ocr_line' id='line_1_16' title="bbox 186 3565 1213 3674; baseline 0.002 -24"><span class='ocrx_word' id='word_1_101' title='bbox 186 3584 290 3651; x_wconf 88' lang='lat' dir='ltr'><strong>iectus</strong></span> <span class='ocrx_word' id='word_1_102' title='bbox 320 3565 338 3652; x_wconf 87' lang='lat' dir='ltr'><strong>a</strong></span> <span class='ocrx_word' id='word_1_103' title='bbox 373 3585 536 3674; x_wconf 88' lang='lat' dir='ltr'><strong>Stephano</strong></span> <span class='ocrx_word' id='word_1_104' title='bbox 566 3585 720 3654; x_wconf 89' lang='lat' dir='ltr'><strong>Ostiensis</strong></span> <span class='ocrx_word' id='word_1_105' title='bbox 747 3585 930 3674; x_wconf 90' lang='lat' dir='ltr'><strong>episcopus,</strong></span> <span class='ocrx_word' id='word_1_106' title='bbox 971 3606 1095 3654; x_wconf 90' lang='lat' dir='ltr'><strong>necnon</strong></span> <span class='ocrx_word' id='word_1_107' title='bbox 1124 3585 1213 3653; x_wconf 86' lang='lat' dir='ltr'><strong>Sacri</strong></span> 
     </span>
     <span class='ocr_line' id='line_1_17' title="bbox 182 3699 1213 3790; baseline 0 -20"><span class='ocrx_word' id='word_1_108' title='bbox 182 3701 397 3770; x_wconf 85' lang='lat' dir='ltr'><strong>cardinalium</strong></span> <span class='ocrx_word' id='word_1_109' title='bbox 432 3700 564 3790; x_wconf 83' lang='lat' dir='ltr'><strong>Collegii</strong></span> <span class='ocrx_word' id='word_1_110' title='bbox 594 3699 757 3790; x_wconf 86' lang='lat' dir='ltr'><strong>princeps,</strong></span> <span class='ocrx_word' id='word_1_111' title='bbox 779 3700 898 3770; x_wconf 90' lang='lat' dir='ltr'><strong>invitus</strong></span> <span class='ocrx_word' id='word_1_112' title='bbox 937 3701 994 3790; x_wconf 69' lang='lat'><strong>(2),</strong></span> <span class='ocrx_word' id='word_1_113' title='bbox 1023 3701 1213 3790; x_wconf 79' lang='lat' dir='ltr'><strong>intentaque</strong></span> 
     </span>
     <span class='ocr_line' id='line_1_18' title="bbox 182 3815 870 3905; baseline -0.001 -20"><span class='ocrx_word' id='word_1_114' title='bbox 182 3817 514 3886; x_wconf 84' lang='lat' dir='ltr'><strong>excommunicatione</strong></span> <span class='ocrx_word' id='word_1_115' title='bbox 526 3815 585 3905; x_wconf 80' lang='grc'>(3),</span> <span class='ocrx_word' id='word_1_116' title='bbox 606 3828 784 3884; x_wconf 88' lang='lat' dir='ltr'><strong>crearetur.</strong></span> <span class='ocrx_word' id='word_1_117' title='bbox 868 3865 870 3868; x_wconf 86' lang='lat'><em>-</em></span> 
     </span>
    </p>
   </div>
   <div class='ocr_carea' id='block_1_5' title="bbox 205 4013 983 4281">
    <p class='ocr_par' dir='ltr' id='par_1_7' title="bbox 205 4013 983 4281">
     <span class='ocr_line' id='line_1_19' title="bbox 205 4013 566 4120; baseline -0.014 -12"><span class='ocrx_word' id='word_1_118' title='bbox 205 4013 250 4120; x_wconf 75' lang='lat' dir='ltr'><strong>u)</strong></span> <span class='ocrx_word' id='word_1_119' title='bbox 266 4056 295 4106; x_wconf 87' lang='lat' dir='ltr'><strong>P.</strong></span> <span class='ocrx_word' id='word_1_120' title='bbox 311 4055 394 4118; x_wconf 64' lang='lat' dir='ltr'><strong>iiam„</strong></span> <span class='ocrx_word' id='word_1_121' title='bbox 409 4055 484 4118; x_wconf 87' lang='lat' dir='ltr'><strong>epist.</strong></span> <span class='ocrx_word' id='word_1_122' title='bbox 500 4065 529 4116; x_wconf 88' lang='lat'><strong>11,</strong></span> <span class='ocrx_word' id='word_1_123' title='bbox 542 4054 566 4103; x_wconf 89' lang='lat'><strong>8.</strong></span> 
     </span>
     <span class='ocr_line' id='line_1_20' title="bbox 213 4133 533 4198; baseline -0.013 -12"><span class='ocrx_word' id='word_1_124' title='bbox 213 4135 253 4198; x_wconf 73' lang='lat'><strong>(2)</strong></span> <span class='ocrx_word' id='word_1_125' title='bbox 267 4133 362 4198; x_wconf 85' lang='lat' dir='ltr'><strong>Opnsc.</strong></span> <span class='ocrx_word' id='word_1_126' title='bbox 380 4145 426 4196; x_wconf 82' lang='lat' dir='ltr'><strong>xx,</strong></span> <span class='ocrx_word' id='word_1_127' title='bbox 439 4147 495 4197; x_wconf 79' lang='lat' dir='ltr'><strong>cap.</strong></span> <span class='ocrx_word' id='word_1_128' title='bbox 509 4133 533 4183; x_wconf 81' lang='grc' dir='ltr'><strong>Ἰ.</strong></span> 
     </span>
     <span class='ocr_line' id='line_1_21' title="bbox 209 4213 983 4281; baseline 0 -16"><span class='ocrx_word' id='word_1_129' title='bbox 209 4215 247 4279; x_wconf 85' lang='grc'><strong>(3)</strong></span> <span class='ocrx_word' id='word_1_130' title='bbox 268 4215 329 4265; x_wconf 80' lang='lat' dir='ltr'><strong>Vita</strong></span> <span class='ocrx_word' id='word_1_131' title='bbox 341 4215 418 4266; x_wconf 76' lang='lat' dir='ltr'><strong>Patri</strong></span> <span class='ocrx_word' id='word_1_132' title='bbox 429 4213 568 4278; x_wconf 75' lang='lat' dir='ltr'><strong>Dominari,</strong></span> <span class='ocrx_word' id='word_1_133' title='bbox 582 4213 765 4277; x_wconf 82' lang='lat' dir='ltr'><strong>pertoannem</strong></span> <span class='ocrx_word' id='word_1_134' title='bbox 777 4228 859 4278; x_wconf 80' lang='lat' dir='ltr'><strong>mom,</strong></span> <span class='ocrx_word' id='word_1_135' title='bbox 873 4228 929 4281; x_wconf 84' lang='lat' dir='ltr'><strong>cap.</strong></span> <span class='ocrx_word' id='word_1_136' title='bbox 943 4214 983 4266; x_wconf 75' lang='lat'><strong>14.</strong></span> 
     </span>
    </p>
   </div>
   <div class='ocr_carea' id='block_1_6' title="bbox 0 0 1560 5066">
    <p class='ocr_par' dir='ltr' id='par_1_8' title="bbox 0 0 1560 5066">
     <span class='ocr_line' id='line_1_22' title="bbox 0 0 1560 5066; baseline 0 0"><span class='ocrx_word' id='word_1_137' title='bbox 0 0 1560 5066; x_wconf 95' lang='lat' dir='ltr'><strong> </strong></span> 
     </span>
    </p>
   </div>
  </div>
 </body>
</html>
