3116 5050
642 607 801 668 ..59-

487 739 526 788 Ad
535 738 692 790 matutinum
703 739 799 803 veniat,

485 819 571 878 Quum
583 819 687 884 signum
698 820 770 869 horae
782 821 904 882 resonat3

487 899 632 962 Postposita
643 899 756 964 pigritia,

485 979 601 1052 Festinat
615 979 648 1028 ad
657 977 742 1028 olficia
754 977 798 1041 (l).

251 1191 485 1280 Episcoporum
515 1191 656 1272 assidua,
678 1190 711 1257 in
732 1189 801 1258 istis
820 1189 1034 1258 reformandis
1070 1187 1231 1260 moribus.

207 1307 374 1396 diligentia
411 1329 493 1396 opus
517 1317 587 1376 erat
612 1306 671 1396 (b).
700 1307 759 1386 Qui
781 1307 974 1394 plerumque
1004 1303 1230 1380 connivebam,

206 1423 326 1512 saepius
354 1433 385 1492 et
404 1423 601 1506 officiebant,
621 1423 742 1490 nedum
757 1421 920 1511 juvarent,
942 1430 1052 1510 utpote
1083 1420 1233 1486 sacerdo-

209 1539 296 1607 tibus
316 1539 455 1628 pejores
470 1539 514 1607 De
530 1539 757 1628 episcoporum
771 1537 899 1610 luxuria
919 1536 1038 1604 diserte
1058 1533 1233 1600 Damianus

207 1652 357 1722 disserit:
388 1678 404 1715 v
425 1653 677 1740 Conqueruntur
706 1650 849 1738 inopiam
877 1658 912 1717 ut
942 1647 1067 1716 turritae
1096 1647 1233 1734 dapibus

207 1767 314 1834 lances
329 1765 436 1832 indica
455 1765 618 1852 pigmenta
638 1765 815 1843 redoleant,
832 1762 917 1830 utin
936 1759 1146 1828 christallinis
1165 1781 1232 1827 vas·
1326 1741 1327 1746 ἵ

206 1879 288 1947 culis
319 1865 497 1946 adulterata
529 1879 623 1946 melle
655 1877 727 1944 vina
760 1877 943 1945 flavescant.
980 1877 1022 1944 ld
1053 1876 1114 1943 hoc
1146 1885 1233 1942 certe

207 1992 304 2060 ditari
350 1993 486 2080 cupiunt
536 2003 582 2072 ut,
632 2012 839 2081 quocumque
893 1991 1077 2071 deveniunt,
1116 2003 1233 2078 praesto

206 2108 394 2176 cubiculum
426 2107 572 2195 operosis
606 2117 637 2174 et
680 2105 874 2174 mirabiliter
903 2104 996 2172 textis
1034 2104 1233 2172 cortinarum

207 2223 350 2310 phaleris
376 2222 523 2304 induant,
545 2222 655 2311 sicque
687 2222 826 2309 parietes
846 2222 962 2288 domus
990 2221 1030 2286 ab
1045 2308 1048 2312 .
1062 2219 1164 2288 oculis
1183 2219 1232 2285 in-

208 2338 381 2419 tuentium,
396 2347 550 2426 tanquam
571 2327 797 2426 sepeliendum
812 2339 948 2404 cadaver
968 2336 1148 2403 obvolvant.
1164 2336 1232 2402 llov

205 2454 301 2520 etiam
322 2453 437 2542 tapetis
456 2453 659 2542 prodigiosas
678 2451 835 2539 imagines
856 2450 1103 2540 praeferentibus
1121 2451 1232 2518 sedilia

205 2579 365 2652 sternunt,
387 2569 650 2657 peripetasmata
664 2567 873 2656 laquearibus
899 2577 1090 2653 opponunt;
1119 2565 1233 2634 deinde

126 2714 129 2721 ‘
204 2686 371 2753 clientium
392 2686 488 2752 turba
502 2685 665 2752 dividitur.
689 2683 749 2751 Alii
769 2685 930 2773 siquidem
950 2684 1086 2750 Domino
1106 2703 1165 2750 suo
1186 2705 1233 2750 re-

129 2885 132 2892 ,
205 2811 354 2868 verenter
367 2802 532 2884 assistunt,
548 2812 730 2889 nutumque
744 2800 825 2890 ejus,
838 2799 864 2868 si
878 2801 953 2888 quid
971 2799 1050 2866 forte
1062 2798 1230 2888 jubeatur,

205 2917 334 2984 curiosa
360 2917 469 2999 nimis,
501 2918 584 2983 velut
614 2917 785 2984 rimatores
819 2916 977 2998 siderum,
1007 2915 1231 2982 observatione

205 3031 402 3100 custodiunt.
425 3033 485 3099 Alii
505 3033 637 3100 Marthae
658 3031 838 3098 ministerio
865 3031 976 3108 dediti,
1008 3031 1091 3098 velut
1121 3029 1233 3098 hirun-

205 3144 309 3226 dines,
331 3145 474 3234 inquiete
496 3166 554 3232 per
574 3145 699 3212 diversa
720 3145 918 3212 discurrunt.

256 3283 269 3324 v
295 3259 516 3338 Quorumdam
543 3260 679 3328 lectulus
705 3271 770 3326 tam
791 3259 936 3347 operosis
955 3261 1143 3325 decussatur
1171 3257 1232 3322 im-

206 3376 333 3463 pendiis
377 3389 413 3443 ut
453 3387 680 3443 ornamentum
719 3375 913 3444 sacrosancti
959 3374 1143 3462 cujuslibet,
1183 3373 1230 3439 vel

204 3491 300 3559 etiam
319 3492 422 3580 ipsius
441 3491 612 3580 Apostolici
647 3491 809 3580 praecellat
835 3489 956 3558 altaris.
989 3489 1118 3577 Regalis
1151 3509 1232 3576 pur-

206 3628 300 3695 pura,
321 3607 397 3697 quia
428 3607 575 3674 unicolor
606 3618 665 3686 est,
697 3606 927 3694 vilipenditur3
948 3605 1045 3693 pallia
1066 3625 1155 3686 veru,
1183 3605 1232 3672 di-

202 3723 303 3790 versis
334 3723 441 3790 fucata
470 3722 631 3790 nitoribus
659 3723 698 3790 ad
727 3722 877 3789 sublimis
894 3721 1003 3788 lectuli
1034 3721 1233 3808 deputantur
1264 3719 1267 3724 ’

201 3847 365 3905 ornatum.
384 3838 422 3906 Et
444 3859 545 3926 quum
566 3837 732 3906 domestici
747 3836 886 3906 murices
906 3835 1026 3904 nostris
1045 3835 1231 3923 aspectibus

234 4075 270 4140 (l)
286 4077 358 4126 Petri
369 4077 454 4140 Dam„
470 4077 566 4128 Preces
581 4082 607 4126 et
621 4075 763 4136 Carmina,
778 4088 806 4124 n.
817 4073 874 4124 222.

233 4155 270 4220 (2)
290 4155 329 4205 Ad
346 4169 401 4219 sua,
421 4155 556 4220 eadere,
576 4154 661 4205 officia
680 4154 814 4218 episcopos
835 4153 933 4216 passim
954 4158 1059 4202 revocat
1080 4151 1230 4202 Damianus.

202 4235 277 4298 epist.
293 4246 329 4298 1v,
342 4233 387 4298 l5;
402 4249 489 4298 opusc.
501 4247 578 4298 xvrn,
591 4233 653 4286 diss.
666 4245 686 4298 1,
696 4246 751 4296 cap.
766 4231 817 4284 let
827 4232 851 4296 8,
868 4237 918 4284 etc.
