3116 5050
689 1325 836 1400 CAPUT
863 1328 953 1401 Vttt.

246 1819 248 1824 '
311 1821 340 1869 ln
358 1820 512 1870 clericorum
529 1821 590 1869 vitia
609 1821 740 1870 invehitur
756 1823 914 1873 Damianos:
937 1823 1154 1875 incontinentiam
1177 1828 1285 1890 scilicet,
1303 1829 1340 1878 si-

315 1938 317 1942 ,
342 1900 464 1961 moniam,
478 1900 661 1964 ignorantiam,
674 1902 810 1963 incuriam,
831 1903 972 1952 avaritiam.
990 1932 1017 1941 -
1032 1905 1206 1957 Correctionis
1222 1908 1254 1957 ab
1270 1909 1340 1972 epis-

342 1981 413 2044 copis
425 1981 496 2029 nulla
508 1994 576 2043 spes.
590 2007 619 2016 -
631 1982 661 2030 ln
673 1982 728 2031 solo
741 1982 863 2045 pontifice
875 1985 954 2034 salus.

359 2223 372 2264 c
399 2198 510 2266 Venite
540 2200 652 2267 audire
684 2219 748 2280 me,
771 2207 888 2279 scorta,
918 2198 1108 2286 prostibula,
1131 2200 1229 2281 savia,
1251 2202 1339 2269 votu-

313 2316 405 2382 tabra
424 2335 598 2403 porcorum
617 2314 801 2404 pinguium,
823 2315 986 2403 nymphae,
1011 2316 1138 2382 sirenae.
1154 2316 1235 2384 Nam
1254 2316 1339 2385 sicut

312 2429 502 2511 Madianites
536 2430 611 2496 otim
650 2450 709 2517 per
760 2430 933 2517 phaleratae
967 2431 1061 2498 vestis
1104 2443 1255 2499 ornatum
1297 2435 1336 2500 ad

313 2566 409 2614 suum
438 2545 653 2632 provocabant
680 2545 900 2614 israelitarum
931 2547 1029 2614 corda
1049 2546 1270 2629 concubitum,
1293 2547 1338 2615 ita

314 2681 369 2728 vos
398 2660 539 2728 accurati
571 2661 688 2739 cultae,
721 2662 786 2729 sive
813 2663 910 2730 fucati
935 2663 1042 2731 vuttus
1066 2661 1227 2729 illecebris
1258 2661 1338 2727 inf-

315 2773 391 2841 tices
420 2775 568 2842 homines
598 2776 636 2842 de
663 2776 859 2844 sacrosancti
886 2775 1007 2842 attaris.
1029 2775 1209 2843 ministerio
1230 2773 1338 2842 avelli-

315 2889 396 2956 tir...
418 2890 505 2958 Sicut
525 2890 597 2972 Eva,
621 2890 706 2958 inter
725 2891 833 2958 omnia
854 2890 997 2959 Paradisi
1019 2912 1126 2980 poma,
1148 2891 1227 2959 iilud
1255 2893 1338 2957 dun-

315 3016 402 3072 taxat
425 3007 510 3094 quod
543 3005 628 3074 Deus
652 3016 797 3075 vetuerat
820 3006 1021 3095 concupivit3
1050 3008 1096 3075 sic
1125 3009 1143 3074 a
1169 3007 1271 3089 vobiS,
1302 3027 1340 3074 ex

315 3121 465 3188 universa
491 3121 626 3189 humani
645 3121 781 3210 generis
808 3122 1026 3206 multitudine,
1050 3122 1096 3189 illi
1116 3123 1339 3190 tantummodo

316 3247 392 3303 sunt
420 3237 513 3304 electi
544 3237 599 3325 qui
637 3238 766 3326 penitus
803 3239 843 3305 ab
881 3237 971 3306 omni
1004 3237 1173 3306 muliebris
1205 3237 1339 3306 affectus

318 3361 393 3417 sunt
429 3351 701 3419 confoederatione
731 3351 885 3440 prohibiti
921 3353 981 3442 (t).
1017 3380 1034 3418 a
1069 3354 1115 3421 lta
1145 3353 1339 3422 clericorum

262 3499 266 3505 ·
317 3465 448 3553 pellices
488 3467 664 3556 alloquitur
707 3469 892 3536 Damianos.
940 3468 1101 3536 Recedant
1149 3468 1261 3557 igitur,
1301 3469 1340 3534 ad

318 3577 420 3645 Deum
457 3589 697 3664 convertantur,
736 3601 843 3669 neque
881 3580 1028 3648 dubitent
1064 3563 1149 3670 quin
1180 3581 1341 3668 integram

229 3738 233 3744 -
319 3694 420 3761 abeo
446 3693 570 3762 veniam
598 3697 662 3764 sint
691 3705 885 3785 accepturae,
917 3696 973 3785 qui
1001 3696 1138 3764 dixerit:
1165 3698 1212 3764 Tc
1238 3705 1346 3764 cutem

319 3811 538 3880 contaminato
556 3833 588 3880 ce
614 3833 687 3880 cum
715 3813 914 3880 amatoribus
932 3813 1073 3894 multis,·
1097 3821 1204 3881 tamen
1241 3803 1347 3881 recer-

321 3935 384 3996 terc
402 3929 446 3995 ad
465 3949 526 4011 me,
541 3928 620 3996 dicit
638 3929 797 3998 Dominus
813 3927 872 4016 (b).
888 3929 1015 3998 Veritus
1040 3939 1148 3998 autem
1175 3949 1216 3997 ne
1240 3928 1348 3996 surdis

350 4113 387 4174 (t)
402 4112 473 4162 Petri
484 4113 549 4163 Dam
562 4151 569 4176 ,
581 4126 670 4176 opusc.
684 4125 761 4176 xrrn,
774 4128 829 4178 cap.
843 4113 866 4164 7.

350 4195 388 4258 (2)
403 4195 565 4258 Jerem.,n1,
580 4194 604 4246 t.
