3116 5050
589 1404 737 1480 CAPUT
762 1403 823 1480 Xl.

193 1899 231 1949 De
245 1897 323 1949 variis
339 1897 467 1964 Dumium,
482 1902 626 1965 praesertim
641 1902 673 1952 de
690 1891 832 1953 monastica
843 1902 904 1966 rita,
918 1904 1049 1968 operibus.
1061 1930 1089 1943 -
1104 1904 1219 1958 Consilia

223 1979 283 2030 data
294 1980 439 2031 monachis.
452 2007 483 2019 -
496 1982 619 2043 Quaenam
632 1983 660 2032 iu
674 1982 738 2046 ipsis
753 1983 928 2049 reprehendat
939 1984 965 2036 S.
979 1985 1086 2048 Doctum
1099 2001 1218 2051 quaennm

223 2060 300 2110 laude
312 2065 493 2126 prosequatur.
573 2097 576 2100 -

662 2117 667 2156 i

236 2267 372 2344 Ultimos
405 2276 508 2345 aetatis
541 2297 644 2347 annos
673 2276 708 2344 in
728 2277 914 2360 solitudine,
935 2298 1002 2347 non
1022 2278 1056 2345 in
1076 2279 1142 2347 otio
1161 2279 1219 2348 Da-

192 2389 322 2459 mianus
341 2390 490 2480 peregit3
510 2392 630 2461 multos
650 2392 737 2460 enim
758 2402 956 2482 eotempore
975 2391 1100 2462 libellos
1119 2393 1220 2484 sorip

191 2504 273 2573 sisse
292 2502 428 2586 videtur,
450 2502 506 2592 qui
533 2505 572 2571 ad
598 2505 792 2593 theologiam
822 2503 915 2594 jusve
941 2506 1146 2590 canonicum,
1164 2515 1219 2576 aut

190 2621 229 2688 ad
251 2618 391 2688 ethicam
411 2619 595 2708 pertineant
612 2621 666 2708 (i).

237 2735 422 2809 Innumeris
461 2736 501 2804 de
532 2735 631 2804 rebus
664 2735 787 2804 interea
818 2737 858 2804 ad
888 2735 1010 2805 amicos
1030 2735 1215 2806 scrihebat:

190 2853 231 2920 ad
251 2850 401 2942 proprias
431 2850 554 2920 seilicet
579 2833 720 2935 sorores,
753 2851 857 2921 viduis
888 2862 924 2921 ut
949 2852 1100 2922 solatium
1120 2852 1218 2922 simui

191 2974 223 3034 et
248 2963 394 3034 animum
425 2963 558 3031 adderet
576 2961 625 3051 (d)
641 2983 650 3046 ;
668 2966 706 3032 ad
728 2964 925 3048 Adeiaidem,
947 2965 1127 3035 Tuscorum
1158 2967 1218 3032 du·

190 3082 321 3163 cissam,
338 3090 373 3149 ut
385 3081 609 3150 castimoniam
630 3080 659 3149 ei
679 3082 921 3149 commendaret
933 3080 1000 3168 (3);
1016 3082 1055 3149 ad
1071 3079 1218 3170 ejusdem

190 3195 349 3265 maritum·
365 3193 588 3278 Godeiridum
622 3203 658 3263 ut
687 3194 853 3284 improbos
885 3195 1078 3283 reprimeret
1106 3196 1217 3264 horta-

189 3322 283 3382 turus
303 3311 362 3402 (lr).
383 3311 414 3380 Si
433 3333 498 3402 qua
515 3293 628 3401 junior
645 3311 821 3394 eomitissa,
836 3311 898 3400 ipsi
917 3311 1032 3394 amica,
1044 3332 1216 3380 avarorum

189 3425 422 3516 rapaciumque
441 3425 612 3494 hominum
631 3424 718 3514 genti
742 3424 906 3493 connubio
929 3423 1082 3507 sociatur,
1104 3423 1217 3494 Petrus

188 3541 219 3610 ei
238 3540 398 3630 signifieat
416 3541 580 3630 quomodo
608 3539 650 3608 sit
681 3539 714 3607 in
740 3539 797 3619 tali¹
822 3539 918 3608 domo
944 3531 1214 3608 conversandum.

220 3807 257 3870 d)
272 3805 367 3870 Opuso.
380 3818 442 3868 xxv,
458 3805 498 3856 De
511 3805 644 3869 dipnitate
656 3804 816 3868 sucerdotii;
828 3816 896 3868 xxii,
913 3805 950 3856 De
963 3805 1160 3869 omnipotentio
1174 3805 1217 3854 di-

188 3887 269 3949 uinu;
284 3885 766 3950 mr,1)eporentelaepradtoua;1x,
782 3884 821 3936 De
841 3891 959 3950 tempore
977 3886 1132 3937 celebrandi
1147 3899 1216 3949 nup-

189 3966 242 4017 tioa
249 3981 260 4028 ,·
272 3979 316 4028 nn,
331 3965 369 4016 De
380 3965 519 4027 frenando
532 3965 587 4029 iro,
599 3969 648 4016 ete.
873 3983 875 3989 ⁸

220 4047 256 4109 (ἓξ
271 4047 351 4110 Epist.
363 4059 421 4109 vni,
438 4046 476 4097 14.

222 4127 258 4189 (3)
274 4126 354 4190 Epist.
370 4137 417 4187 vn,
432 4125 472 4176 ti.

220 4207 256 4270 (t)
272 4207 369 4270 Opusc.
380 4217 484 4256 xxxam
