3116 5050
304 535 318 567 ἱ

640 617 800 681 -ffl-

209 753 255 812 tot
273 754 305 813 et
322 753 411 814 tanta
430 747 516 835 apud
541 768 577 816 se
611 747 732 837 flagitia
762 748 1032 821 animadverteret
1057 751 1231 842 impotens.

208 857 255 927 Ne
291 877 395 928 unum
425 859 557 948 quidem
587 861 621 928 in
649 861 785 932 ecelesia
816 883 875 931 sua
903 864 1058 934 olerioum
1088 867 1235 956 reperire
1260 887 1269 906 “

208 980 325 1059 potest,
347 972 404 1061 qui
423 994 499 1042 suas
530 973 697 1063 epistolas,
731 975 896 1065 librosque
916 977 1101 1062 -reseribat;
1134 1001 1237 1069 quum
1304 1065 1306 1070 Ι

209 1082 273 1152 sint
291 1105 404 1153 omnes
423 1084 630 1176 disputando,
651 1086 819 1175 litigando,
841 1088 1062 1158 dirnioandove
1075 1091 1236 1180 occupati,

209 1197 255 1267 ita
273 1209 309 1268 ut
332 1226 345 1268 a
368 1221 423 1270 eos
443 1223 462 1270 a
481 1203 692 1272 saecularibus
711 1203 932 1285 barbirasium
951 1204 1084 1295 quidem
1103 1206 1236 1292 dividat,

210 1315 266 1384 sed
286 1315 369 1385 aetio
388 1337 455 1386 non
474 1317 636 1387 discernat
655 1319 713 1407 (l).
738 1341 752 1383 r

254 1431 315 1512 Oui
334 1443 443 1504 autem
463 1433 584 1504 luerint
604 1433 809 1514 saecularium
828 1455 937 1504 mores
955 1435 1031 1506 hino
1049 1435 1124 1505 inde
1153 1435 1242 1505 oolli·
1317 1474 1319 1478 -

165 1627 169 1634 ,
211 1545 288 1638 gere
308 1549 392 1618 lieet.
415 1549 542 1639 Ubique
566 1551 665 1633 furta,
687 1549 876 1640 latrocinia,
896 1553 1012 1620 caedes.
1046 1551 1077 1620 Si
1110 1551 1162 1620 eui
1191 1552 1242 1619 in·

191 1662 298 1752 ¹juria
316 1663 363 1748 srt,
385 1675 476 1734 atrox
494 1665 587 1734 ultio.
621 1666 689 1734 Nisi
721 1674 829 1734 autem
859 1687 879 1734 a
904 1665 1077 1755 potentiori
1107 1667 1240 1736 inimico

211 1801 325 1870 poenas
355 1791 504 1870 repetere
533 1791 642 1871 queat,
673 1781 826 1869 vapulant
855 1780 1055 1864 innoeentes,
1084 1767 1239 1867 inermes,

212 1895 349 1978 rustici:
370 1906 514 1966 uruntur
532 1897 722 1966 arundineae
742 1905 875 1985 tegetes.
890 1896 922 1965 Si
943 1896 999 1986 qui
1015 1898 1054 1965 ad
1067 1897 1242 1968 tribunalia

212 2029 384 2079 recurrere
402 2010 513 2093 velint,
535 2009 734 2099 ajudioibns
749 2009 877 2098 justitia
897 2010 1047 2079 venditur
1067 2010 1124 2098 (d).
1143 2038 1158 2073 α
1180 2011 1242 2080 Το-

211 2136 264 2194 tus
284 2129 427 2194 mundus
444 2127 506 2194 hoo
525 2136 672 2214 ternpore
690 2125 772 2192 nihil
790 2126 878 2194 aliud
898 2137 947 2194 est
964 2126 1027 2194 nisi
1047 2128 1134 2214 gula,
1168 2148 1240 2195 ava-

212 2241 403 2331 ritiaatque
423 2241 543 2309 libido..
562 2241 693 2310 »Nulla
723 2240 811 2330 ipsos
844 2241 930 2309 inter
959 2241 1112 2331 conjuges
1142 2241 1242 2310 eonti-

210 2355 335 2438 nentia,
357 2355 447 2422 nulla
465 2353 678 2444 temperantia
696 2363 755 2421 est.
779 2377 793 2417 c
816 2351 922 2431 Quum
943 2343 1068 2438 ta'urns,
1089 2353 1179 2422 oanis
1207 2363 1238 2422 et

212 2479 330 2538 caetera
377 2467 556 2538 bestiarum
592 2487 713 2556 genera
750 2467 881 2535 foetibus
919 2467 987 2535 suis
1023 2467 1237 2536 reverentiam

211 2586 381 2674 praebent,
420 2584 480 2653 soli
506 2583 679 2666 bomines,
718 2603 859 2672 quorum
898 2583 1013 2651 Ductor
1045 2584 1083 2651 de
1112 2583 1238 2672 virgine

211 2711 306 2771 natus
325 2715 385 2785 est,
407 2711 444 2769 ut
462 2710 533 2769 vota
552 2721 621 2769 snae
640 2698 783 2796 libidinis
802 2699 961 2787 expleant,
976 2699 1126 2787 parvulos
1145 2720 1234 2783 suos,

211 2817 267 2908 qui
287 2817 328 2885 ad
347 2816 402 2885 Ilei
422 2816 605 2885 formantur
623 2813 811 2903 imaginem,
832 2825 983 2884 necantes
1003 2813 1152 2895 obterere
1172 2833 1237 2882 non

211 2933 436 3002 formidant.»
712 3009 719 3020 .

254 3048 336 3129 Quid
375 3058 485 3116 autem
517 3057 591 3136 agat
621 3044 809 3132 episeopus,¹
839 3065 936 3134 quam
970 3045 1234 3134 delinquentibus

210 3164 433 3254 paenitentiam
452 3162 612 3252 injungat,
635 3181 737 3249 quum
756 3171 871 3229 cuneta
889 3163 1085 3250 languorum
1117 3183 1236 3251 genera

210 3281 375 3364 simulent,
397 3279 542 3368 nequod
574 3277 657 3344 forte
687 3276 749 3344 sibi
776 3275 939 3365 jejunium
959 3277 1144 3366 imponatur
1171 3277 1238 3367 (3),

210 3396 344 3464 Frustra
363 3415 494 3484 quoque
519 3395 632 3461 o'ontra
661 3391 804 3480 perditos
835 3412 954 3475 mores,
987 3391 1235 3482 incestuosaque

210 3511 361 3600 conjugia
376 3509 588 3602 praedicantes
607 3507 824 3574 invehuntur:
846 3532 859 3571 r
878 3507 998 3576 Cuncta
1016 3509 1086 3576 baec
1100 3508 1234 3597 perditis

208 3628 397 3696 horninibus
423 3627 508 3694 velut
539 3624 641 3692 aniles
671 3622 786 3690 naeniae
816 3623 920 3690 risum
954 3624 1060 3712 potius
1093 3632 1232 3705 movent,

208 3764 308 3834 quam
327 3745 366 3812 ad
386 3739 569 3830 corrigendi
597 3737 713 3828 piaculi
735 3739 874 3805 lamenta
893 3753 1114 3828 compungant
1134 3738 1189 3824 (l).
1214 3761 1228 3803 n
1311 3807 1313 3812 ,

241 4011 279 4077 (l)
294 4010 374 4076 Epist.
388 4021 407 4074 1,
420 4009 461 4074 15,
474 4008 517 4058 Ad
528 4005 663 4058 Alexand.
676 4002 715 4055 ΙΙ.

223 4092 276 4158 ·(2)
291 4092 372 4158 Epist.
385 4104 404 4156 1,
419 4089 459 4141 15.
472 4116 503 4128 -
514 4087 610 4152 Opuso.
625 4098 674 4150 xri,
686 4099 743 4150 eap.
755 4084 796 4134 aa.

242 4173 282 4238 (3)
296 4169 464 4238 Epist.1,15.
560 4165 562 4170 '

243 4253 283 4320 (l)
299 4253 397 4318 opusc.
408 4260 460 4316 111,
471 4261 528 4314 eap.
540 4245 580 4299 29.
