<?xml version="1.0" encoding="UTF-8"?>
<!DOCTYPE html PUBLIC "-//W3C//DTD XHTML 1.0 Transitional//EN"
    "http://www.w3.org/TR/xhtml1/DTD/xhtml1-transitional.dtd">
<html xmlns="http://www.w3.org/1999/xhtml" xml:lang="en" lang="en">
 <head>
  <title>
</title>
<meta http-equiv="Content-Type" content="text/html;charset=utf-8" />
  <meta name='ocr-system' content='tesseract 3.04.00' />
  <meta name='ocr-capabilities' content='ocr_page ocr_carea ocr_par ocr_line ocrx_word'/>
</head>
<body>
  <div class='ocr_page' id='page_1' title='image "./depetrodamianoo00guergoog_0108.png"; bbox 0 0 3116 5050; ppageno 0'>
   <div class='ocr_carea' id='block_1_1' title="bbox 202 667 1229 884">
    <p class='ocr_par' dir='ltr' id='par_1_1' title="bbox 202 667 1229 884">
     <span class='ocr_line' id='line_1_1' title="bbox 639 667 794 730; baseline 0 -14"><span class='ocrx_word' id='word_1_1' title='bbox 639 705 668 716; x_wconf 81' lang='lat'>-</span> <span class='ocrx_word' id='word_1_2' title='bbox 692 667 733 730; x_wconf 79' lang='lat'><strong>89</strong></span> <span class='ocrx_word' id='word_1_3' title='bbox 753 704 794 716; x_wconf 93' lang='grc'><strong>..</strong></span> 
     </span>
     <span class='ocr_line' id='line_1_2' title="bbox 202 793 1229 884; baseline 0 -18"><span class='ocrx_word' id='word_1_4' title='bbox 202 806 274 866; x_wconf 92' lang='lat' dir='ltr'><strong>sent</strong></span> <span class='ocrx_word' id='word_1_5' title='bbox 303 813 542 865; x_wconf 89' lang='lat' dir='ltr'><strong>consummare.</strong></span> <span class='ocrx_word' id='word_1_6' title='bbox 565 793 742 884; x_wconf 83' lang='lat' dir='ltr'><strong>Sigelridus</strong></span> <span class='ocrx_word' id='word_1_7' title='bbox 772 795 946 865; x_wconf 87' lang='lat' dir='ltr'><strong>concilium</strong></span> <span class='ocrx_word' id='word_1_8' title='bbox 966 816 1004 864; x_wconf 88' lang='lat' dir='ltr'><strong>ea</strong></span> <span class='ocrx_word' id='word_1_9' title='bbox 1033 797 1073 863; x_wconf 92' lang='lat' dir='ltr'><strong>de</strong></span> <span class='ocrx_word' id='word_1_10' title='bbox 1094 813 1131 864; x_wconf 88' lang='lat' dir='ltr'><strong>re</strong></span> <span class='ocrx_word' id='word_1_11' title='bbox 1151 815 1229 866; x_wconf 78' lang='lat' dir='ltr'><strong>con·</strong></span> 
     </span>
    </p>
   </div>
   <div class='ocr_carea' id='block_1_2' title="bbox 115 907 336 976">
    <p class='ocr_par' dir='ltr' id='par_1_2' title="bbox 115 907 336 976">
     <span class='ocr_line' id='line_1_3' title="bbox 115 907 336 976; baseline 0.005 -2"><span class='ocrx_word' id='word_1_12' title='bbox 115 925 117 929; x_wconf 86' lang='lat'>·</span> <span class='ocrx_word' id='word_1_13' title='bbox 201 907 336 976; x_wconf 88' lang='lat' dir='ltr'><strong>vocavit.</strong></span> 
     </span>
    </p>
   </div>
   <div class='ocr_carea' id='block_1_3' title="bbox 201 1023 1290 4104">
    <p class='ocr_par' dir='ltr' id='par_1_3' title="bbox 201 1023 1290 2381">
     <span class='ocr_line' id='line_1_4' title="bbox 246 1023 1230 1114; baseline 0.002 -24"><span class='ocrx_word' id='word_1_14' title='bbox 246 1025 359 1110; x_wconf 81' lang='lat' dir='ltr'><strong>Aulam</strong></span> <span class='ocrx_word' id='word_1_15' title='bbox 390 1024 579 1092; x_wconf 80' lang='lat' dir='ltr'><strong>deseruerat</strong></span> <span class='ocrx_word' id='word_1_16' title='bbox 610 1023 727 1112; x_wconf 78' lang='lat' dir='ltr'><strong>Agnes,</strong></span> <span class='ocrx_word' id='word_1_17' title='bbox 760 1023 890 1093; x_wconf 88' lang='lat' dir='ltr'><strong>llenrici</strong></span> <span class='ocrx_word' id='word_1_18' title='bbox 921 1035 1035 1108; x_wconf 87' lang='lat' dir='ltr'><strong>mater,</strong></span> <span class='ocrx_word' id='word_1_19' title='bbox 1058 1031 1230 1114; x_wconf 82' lang='lat' dir='ltr'>postquam</span> 
     </span>
     <span class='ocr_line' id='line_1_5' title="bbox 202 1139 1229 1228; baseline -0.001 -20"><span class='ocrx_word' id='word_1_20' title='bbox 202 1161 299 1209; x_wconf 91' lang='lat' dir='ltr'><strong>suum</strong></span> <span class='ocrx_word' id='word_1_21' title='bbox 319 1139 381 1208; x_wconf 91' lang='lat' dir='ltr'><strong>sibi</strong></span> <span class='ocrx_word' id='word_1_22' title='bbox 402 1139 517 1222; x_wconf 91' lang='lat' dir='ltr'><strong>lilium,</strong></span> <span class='ocrx_word' id='word_1_23' title='bbox 540 1160 615 1207; x_wconf 89' lang='lat' dir='ltr'><strong>cum</strong></span> <span class='ocrx_word' id='word_1_24' title='bbox 635 1139 806 1227; x_wconf 90' lang='lat' dir='ltr'><strong>regimine,</strong></span> <span class='ocrx_word' id='word_1_25' title='bbox 829 1150 995 1228; x_wconf 90' lang='lat' dir='ltr'><strong>magnates</strong></span> <span class='ocrx_word' id='word_1_26' title='bbox 1014 1141 1229 1209; x_wconf 89' lang='lat' dir='ltr'><strong>abstulerant.</strong></span> 
     </span>
     <span class='ocr_line' id='line_1_6' title="bbox 201 1255 1231 1344; baseline -0.002 -20"><span class='ocrx_word' id='word_1_27' title='bbox 201 1257 315 1324; x_wconf 78' lang='lat' dir='ltr'><strong>Postea</strong></span> <span class='ocrx_word' id='word_1_28' title='bbox 340 1276 415 1323; x_wconf 91' lang='lat' dir='ltr'><strong>vero</strong></span> <span class='ocrx_word' id='word_1_29' title='bbox 440 1256 626 1344; x_wconf 89' lang='lat' dir='ltr'><strong>pudendam</strong></span> <span class='ocrx_word' id='word_1_30' title='bbox 657 1255 788 1322; x_wconf 85' lang='lat' dir='ltr'><strong>Henrici</strong></span> <span class='ocrx_word' id='word_1_31' title='bbox 821 1255 918 1323; x_wconf 89' lang='lat' dir='ltr'><strong>vitam</strong></span> <span class='ocrx_word' id='word_1_32' title='bbox 937 1257 1130 1338; x_wconf 83' lang='lat' dir='ltr'><strong>abhorrens,</strong></span> <span class='ocrx_word' id='word_1_33' title='bbox 1159 1261 1231 1324; x_wconf 81' lang='lat' dir='ltr'><strong>tnr&#39;·</strong></span> 
     </span>
     <span class='ocr_line' id='line_1_7' title="bbox 202 1370 1230 1462; baseline 0 -24"><span class='ocrx_word' id='word_1_34' title='bbox 202 1371 360 1462; x_wconf 88' lang='lat' dir='ltr'><strong>ploraque</strong></span> <span class='ocrx_word' id='word_1_35' title='bbox 397 1370 586 1452; x_wconf 86' lang='lat' dir='ltr'><strong>formidans,</strong></span> <span class='ocrx_word' id='word_1_36' title='bbox 627 1370 660 1437; x_wconf 91' lang='lat' dir='ltr'><strong>in</strong></span> <span class='ocrx_word' id='word_1_37' title='bbox 703 1370 827 1438; x_wconf 86' lang='lat' dir='ltr'><strong>ltaliam</strong></span> <span class='ocrx_word' id='word_1_38' title='bbox 866 1371 1009 1452; x_wconf 87' lang='lat' dir='ltr'><strong>secessit,</strong></span> <span class='ocrx_word' id='word_1_39' title='bbox 1043 1371 1230 1459; x_wconf 82' lang='lat' dir='ltr'><strong>Romaeque,</strong></span> 
     </span>
     <span class='ocr_line' id='line_1_8' title="bbox 203 1475 1255 1574; baseline 0.002 -20"><span class='ocrx_word' id='word_1_40' title='bbox 203 1487 288 1574; x_wconf 90' lang='lat' dir='ltr'><strong>apud</strong></span> <span class='ocrx_word' id='word_1_41' title='bbox 310 1484 341 1553; x_wconf 90' lang='lat' dir='ltr'><strong>S.</strong></span> <span class='ocrx_word' id='word_1_42' title='bbox 364 1485 547 1554; x_wconf 89' lang='lat' dir='ltr'><strong>Petronillae</strong></span> <span class='ocrx_word' id='word_1_43' title='bbox 566 1485 747 1568; x_wconf 89' lang='lat' dir='ltr'><strong>ecclesiam,</strong></span> <span class='ocrx_word' id='word_1_44' title='bbox 764 1485 1000 1555; x_wconf 86' lang='lat' dir='ltr'><strong>coenobitarum</strong></span> <span class='ocrx_word' id='word_1_45' title='bbox 1019 1507 1109 1554; x_wconf 92' lang='lat' dir='ltr'><strong>more</strong></span> <span class='ocrx_word' id='word_1_46' title='bbox 1127 1493 1233 1556; x_wconf 88' lang='lat' dir='ltr'><strong>vivere</strong></span> <span class='ocrx_word' id='word_1_47' title='bbox 1253 1475 1255 1482; x_wconf 43' lang='lat'><strong><em>¹</em></strong></span> 
     </span>
     <span class='ocr_line' id='line_1_9' title="bbox 204 1599 1234 1684; baseline 0.001 -16"><span class='ocrx_word' id='word_1_48' title='bbox 204 1601 355 1670; x_wconf 88' lang='lat' dir='ltr'><strong>instituit.</strong></span> <span class='ocrx_word' id='word_1_49' title='bbox 384 1601 468 1670; x_wconf 88' lang='lat' dir='ltr'><strong>Huic</strong></span> <span class='ocrx_word' id='word_1_50' title='bbox 497 1601 659 1669; x_wconf 88' lang='lat' dir='ltr'><strong>scribebat</strong></span> <span class='ocrx_word' id='word_1_51' title='bbox 691 1599 897 1670; x_wconf 87' lang='lat' dir='ltr'><strong>Damianos:</strong></span> <span class='ocrx_word' id='word_1_52' title='bbox 929 1624 947 1668; x_wconf 76' lang='lat' dir='ltr'><strong>e</strong></span> <span class='ocrx_word' id='word_1_53' title='bbox 972 1601 1096 1670; x_wconf 88' lang='lat' dir='ltr'><strong>Vidisse</strong></span> <span class='ocrx_word' id='word_1_54' title='bbox 1127 1612 1169 1684; x_wconf 91' lang='lat' dir='ltr'><strong>te,</strong></span> <span class='ocrx_word' id='word_1_55' title='bbox 1202 1609 1234 1669; x_wconf 88' lang='lat' dir='ltr'><strong>et</strong></span> 
     </span>
     <span class='ocr_line' id='line_1_10' title="bbox 205 1713 1231 1804; baseline -0.001 -23"><span class='ocrx_word' id='word_1_56' title='bbox 205 1736 279 1803; x_wconf 92' lang='lat' dir='ltr'><strong>quae</strong></span> <span class='ocrx_word' id='word_1_57' title='bbox 297 1713 383 1782; x_wconf 88' lang='lat' dir='ltr'><strong>circa</strong></span> <span class='ocrx_word' id='word_1_58' title='bbox 402 1724 446 1796; x_wconf 90' lang='lat' dir='ltr'><strong>te,</strong></span> <span class='ocrx_word' id='word_1_59' title='bbox 468 1713 652 1782; x_wconf 91' lang='lat' dir='ltr'><strong>mirandum</strong></span> <span class='ocrx_word' id='word_1_60' title='bbox 666 1715 757 1782; x_wconf 88' lang='lat' dir='ltr'><strong>valde</strong></span> <span class='ocrx_word' id='word_1_61' title='bbox 775 1715 1006 1804; x_wconf 84' lang='lat' dir='ltr'><strong>spectaculum·</strong></span> <span class='ocrx_word' id='word_1_62' title='bbox 1027 1714 1129 1782; x_wconf 89' lang='lat' dir='ltr'><strong>Vestis</strong></span> <span class='ocrx_word' id='word_1_63' title='bbox 1144 1714 1231 1781; x_wconf 91' lang='lat' dir='ltr'><strong>enim</strong></span> 
     </span>
     <span class='ocr_line' id='line_1_11' title="bbox 205 1829 1233 1920; baseline -0.003 -22"><span class='ocrx_word' id='word_1_64' title='bbox 205 1831 294 1920; x_wconf 90' lang='lat' dir='ltr'><strong>pulla</strong></span> <span class='ocrx_word' id='word_1_65' title='bbox 313 1840 344 1898; x_wconf 94' lang='lat' dir='ltr'><strong>et</strong></span> <span class='ocrx_word' id='word_1_66' title='bbox 362 1831 468 1899; x_wconf 88' lang='lat' dir='ltr'><strong>lanea.</strong></span> <span class='ocrx_word' id='word_1_67' title='bbox 491 1830 521 1898; x_wconf 93' lang='lat' dir='ltr'><strong>ls</strong></span> <span class='ocrx_word' id='word_1_68' title='bbox 541 1829 593 1897; x_wconf 89' lang='lat' dir='ltr'><strong>oui</strong></span> <span class='ocrx_word' id='word_1_69' title='bbox 626 1830 788 1900; x_wconf 90' lang='lat' dir='ltr'><strong>insidebas</strong></span> <span class='ocrx_word' id='word_1_70' title='bbox 816 1850 882 1897; x_wconf 94' lang='lat' dir='ltr'><strong>non</strong></span> <span class='ocrx_word' id='word_1_71' title='bbox 909 1830 1014 1898; x_wconf 87' lang='lat' dir='ltr'><strong>dicam</strong></span> <span class='ocrx_word' id='word_1_72' title='bbox 1039 1850 1154 1918; x_wconf 86' lang='lat' dir='ltr'><strong>equus,</strong></span> <span class='ocrx_word' id='word_1_73' title='bbox 1177 1830 1233 1896; x_wconf 92' lang='lat' dir='ltr'><strong>sed</strong></span> 
     </span>
     <span class='ocr_line' id='line_1_12' title="bbox 205 1945 1290 2034; baseline -0.002 -21"><span class='ocrx_word' id='word_1_74' title='bbox 205 1946 314 2034; x_wconf 88' lang='lat' dir='ltr'><strong>potius</strong></span> <span class='ocrx_word' id='word_1_75' title='bbox 333 1948 438 2015; x_wconf 91' lang='lat' dir='ltr'><strong>burdo</strong></span> <span class='ocrx_word' id='word_1_76' title='bbox 468 1947 515 2014; x_wconf 93' lang='lat' dir='ltr'><strong>vel</strong></span> <span class='ocrx_word' id='word_1_77' title='bbox 543 1945 695 2014; x_wconf 83' lang='lat' dir='ltr'><strong>burricus</strong></span> <span class='ocrx_word' id='word_1_78' title='bbox 712 1947 761 2012; x_wconf 86' lang='lat' dir='ltr'><strong>vix</strong></span> <span class='ocrx_word' id='word_1_79' title='bbox 781 1967 968 2014; x_wconf 90' lang='lat' dir='ltr'><strong>mensuram</strong></span> <span class='ocrx_word' id='word_1_80' title='bbox 999 1945 1118 2014; x_wconf 90' lang='lat' dir='ltr'><strong>desidis</strong></span> <span class='ocrx_word' id='word_1_81' title='bbox 1144 1965 1234 2011; x_wconf 86' lang='lat' dir='ltr'><strong>erce·</strong></span> <span class='ocrx_word' id='word_1_82' title='bbox 1287 1957 1290 1964; x_wconf 85' lang='lat'>&#39;</span> 
     </span>
     <span class='ocr_line' id='line_1_13' title="bbox 206 2061 1232 2154; baseline 0 -27"><span class='ocrx_word' id='word_1_83' title='bbox 206 2061 302 2128; x_wconf 90' lang='lat' dir='ltr'><strong>debat</strong></span> <span class='ocrx_word' id='word_1_84' title='bbox 323 2061 424 2128; x_wconf 88' lang='lat' dir='ltr'><strong>aselli.</strong></span> <span class='ocrx_word' id='word_1_85' title='bbox 452 2061 629 2129; x_wconf 86' lang='lat' dir='ltr'><strong>Mutaveras</strong></span> <span class='ocrx_word' id='word_1_86' title='bbox 654 2082 808 2130; x_wconf 88' lang='lat' dir='ltr'><strong>coronam</strong></span> <span class='ocrx_word' id='word_1_87' title='bbox 825 2062 906 2154; x_wconf 89' lang='lat' dir='ltr'><strong>velo,</strong></span> <span class='ocrx_word' id='word_1_88' title='bbox 929 2081 1108 2150; x_wconf 90' lang='lat' dir='ltr'><strong>purpuram</strong></span> <span class='ocrx_word' id='word_1_89' title='bbox 1128 2080 1232 2142; x_wconf 87' lang='lat' dir='ltr'><strong>sacco,</strong></span> 
     </span>
     <span class='ocr_line' id='line_1_14' title="bbox 206 2177 1229 2266; baseline 0.002 -24"><span class='ocrx_word' id='word_1_90' title='bbox 206 2185 246 2242; x_wconf 87' lang='lat' dir='ltr'><strong>et·</strong></span> <span class='ocrx_word' id='word_1_91' title='bbox 267 2197 384 2245; x_wconf 89' lang='lat' dir='ltr'><strong>manus</strong></span> <span class='ocrx_word' id='word_1_92' title='bbox 415 2198 488 2266; x_wconf 87' lang='lat' dir='ltr'><strong>quae</strong></span> <span class='ocrx_word' id='word_1_93' title='bbox 520 2188 647 2266; x_wconf 88' lang='lat' dir='ltr'><strong>gestare</strong></span> <span class='ocrx_word' id='word_1_94' title='bbox 685 2178 807 2244; x_wconf 86' lang='lat' dir='ltr'><strong>solebat</strong></span> <span class='ocrx_word' id='word_1_95' title='bbox 844 2187 1001 2265; x_wconf 91' lang='lat' dir='ltr'><strong>septrum,</strong></span> <span class='ocrx_word' id='word_1_96' title='bbox 1029 2177 1137 2244; x_wconf 85' lang='lat' dir='ltr'><strong>attrita</strong></span> <span class='ocrx_word' id='word_1_97' title='bbox 1159 2177 1229 2266; x_wconf 87' lang='lat' dir='ltr'><strong>jam</strong></span> 
     </span>
     <span class='ocr_line' id='line_1_15' title="bbox 208 2291 754 2381; baseline -0.007 -21"><span class='ocrx_word' id='word_1_98' title='bbox 208 2301 278 2360; x_wconf 89' lang='lat' dir='ltr'><strong>erat</strong></span> <span class='ocrx_word' id='word_1_99' title='bbox 297 2303 428 2381; x_wconf 93' lang='lat' dir='ltr'><strong>portare</strong></span> <span class='ocrx_word' id='word_1_100' title='bbox 448 2292 636 2381; x_wconf 87' lang='lat' dir='ltr'><strong>psalterium</strong></span> <span class='ocrx_word' id='word_1_101' title='bbox 656 2291 715 2380; x_wconf 81' lang='lat' dir='ltr'><strong>(l).</strong></span> <span class='ocrx_word' id='word_1_102' title='bbox 741 2317 754 2356; x_wconf 78' lang='lat' dir='ltr'><strong>l</strong></span> 
     </span>
    </p>

    <p class='ocr_par' dir='ltr' id='par_1_4' title="bbox 207 2389 1283 4104">
     <span class='ocr_line' id='line_1_16' title="bbox 251 2389 1237 2496; baseline 0.002 -21"><span class='ocrx_word' id='word_1_103' title='bbox 251 2409 383 2475; x_wconf 87' lang='lat' dir='ltr'><strong>Summa</strong></span> <span class='ocrx_word' id='word_1_104' title='bbox 420 2407 626 2475; x_wconf 89' lang='lat' dir='ltr'><strong>veneratione</strong></span> <span class='ocrx_word' id='word_1_105' title='bbox 676 2389 858 2495; x_wconf 82' lang='lat' dir='ltr'><strong>fiduciaque</strong></span> <span class='ocrx_word' id='word_1_106' title='bbox 895 2407 1087 2475; x_wconf 86' lang='lat' dir='ltr'><strong>Damianum</strong></span> <span class='ocrx_word' id='word_1_107' title='bbox 1132 2412 1237 2496; x_wconf 84' lang='lat' dir='ltr'><strong>Agnes</strong></span> 
     </span>
     <span class='ocr_line' id='line_1_17' title="bbox 207 2522 1234 2612; baseline 0.001 -22"><span class='ocrx_word' id='word_1_108' title='bbox 207 2534 391 2612; x_wconf 88' lang='lat' dir='ltr'><strong>prosecuta,</strong></span> <span class='ocrx_word' id='word_1_109' title='bbox 413 2523 573 2610; x_wconf 91' lang='lat' dir='ltr'><strong>integram</strong></span> <span class='ocrx_word' id='word_1_110' title='bbox 593 2523 621 2589; x_wconf 91' lang='lat' dir='ltr'><strong>ei</strong></span> <span class='ocrx_word' id='word_1_111' title='bbox 644 2522 740 2590; x_wconf 90' lang='lat' dir='ltr'><strong>totius</strong></span> <span class='ocrx_word' id='word_1_112' title='bbox 760 2523 831 2590; x_wconf 85' lang='lat' dir='ltr'><strong>vitae</strong></span> <span class='ocrx_word' id='word_1_113' title='bbox 851 2522 1086 2590; x_wconf 87' lang='lat' dir='ltr'><strong>confessionem</strong></span> <span class='ocrx_word' id='word_1_114' title='bbox 1112 2524 1234 2605; x_wconf 90' lang='lat' dir='ltr'><strong>retulit,</strong></span> 
     </span>
     <span class='ocr_line' id='line_1_18' title="bbox 208 2621 1235 2727; baseline 0 -21"><span class='ocrx_word' id='word_1_115' title='bbox 208 2641 248 2706; x_wconf 91' lang='lat' dir='ltr'><strong>de</strong></span> <span class='ocrx_word' id='word_1_116' title='bbox 267 2621 270 2625; x_wconf 35' lang='lat'><em>¹</em></span> <span class='ocrx_word' id='word_1_117' title='bbox 291 2660 354 2727; x_wconf 89' lang='lat' dir='ltr'><strong>qua</strong></span> <span class='ocrx_word' id='word_1_118' title='bbox 384 2639 431 2706; x_wconf 86' lang='lat' dir='ltr'><strong>sie</strong></span> <span class='ocrx_word' id='word_1_119' title='bbox 468 2637 538 2726; x_wconf 92' lang='lat' dir='ltr'><strong>ipse</strong></span> <span class='ocrx_word' id='word_1_120' title='bbox 562 2639 735 2726; x_wconf 88' lang='lat' dir='ltr'><strong>loquitur:</strong></span> <span class='ocrx_word' id='word_1_121' title='bbox 770 2660 788 2704; x_wconf 80' lang='lat' dir='ltr'><strong>n</strong></span> <span class='ocrx_word' id='word_1_122' title='bbox 819 2637 884 2706; x_wconf 91' lang='lat' dir='ltr'><strong>Sub</strong></span> <span class='ocrx_word' id='word_1_123' title='bbox 914 2657 1031 2705; x_wconf 90' lang='lat' dir='ltr'><strong>arcana</strong></span> <span class='ocrx_word' id='word_1_124' title='bbox 1051 2659 1182 2727; x_wconf 89' lang='lat' dir='ltr'><strong>quoque</strong></span> <span class='ocrx_word' id='word_1_125' title='bbox 1200 2639 1235 2706; x_wconf 91' lang='lat' dir='ltr'><strong>B.</strong></span> 
     </span>
     <span class='ocr_line' id='line_1_19' title="bbox 211 2753 1237 2838; baseline 0 -18"><span class='ocrx_word' id='word_1_126' title='bbox 211 2754 296 2820; x_wconf 87' lang='lat' dir='ltr'><strong>Petri</strong></span> <span class='ocrx_word' id='word_1_127' title='bbox 315 2753 530 2837; x_wconf 84' lang='lat' dir='ltr'><strong>confessione,</strong></span> <span class='ocrx_word' id='word_1_128' title='bbox 552 2764 624 2822; x_wconf 90' lang='lat' dir='ltr'><strong>ante</strong></span> <span class='ocrx_word' id='word_1_129' title='bbox 646 2773 774 2821; x_wconf 89' lang='lat' dir='ltr'><strong>sacrum</strong></span> <span class='ocrx_word' id='word_1_130' title='bbox 795 2754 895 2821; x_wconf 91' lang='lat' dir='ltr'><strong>altare</strong></span> <span class='ocrx_word' id='word_1_131' title='bbox 915 2773 967 2820; x_wconf 93' lang='lat' dir='ltr'><strong>me</strong></span> <span class='ocrx_word' id='word_1_132' title='bbox 987 2755 1100 2821; x_wconf 91' lang='lat' dir='ltr'><strong>sedere</strong></span> <span class='ocrx_word' id='word_1_133' title='bbox 1120 2754 1237 2838; x_wconf 82' lang='lat' dir='ltr'><strong>fecisti,</strong></span> 
     </span>
     <span class='ocr_line' id='line_1_20' title="bbox 208 2868 1238 2957; baseline 0.002 -22"><span class='ocrx_word' id='word_1_134' title='bbox 208 2889 330 2956; x_wconf 82' lang='lat' dir='ltr'><strong>anper</strong></span> <span class='ocrx_word' id='word_1_135' title='bbox 356 2869 512 2956; x_wconf 85' lang='lat' dir='ltr'><strong>lugubres</strong></span> <span class='ocrx_word' id='word_1_136' title='bbox 542 2870 681 2957; x_wconf 84' lang='lat' dir='ltr'><strong>gemitus</strong></span> <span class='ocrx_word' id='word_1_137' title='bbox 713 2879 744 2936; x_wconf 92' lang='lat' dir='ltr'><strong>et</strong></span> <span class='ocrx_word' id='word_1_138' title='bbox 773 2889 884 2936; x_wconf 89' lang='lat' dir='ltr'><strong>amara</strong></span> <span class='ocrx_word' id='word_1_139' title='bbox 918 2868 1071 2956; x_wconf 90' lang='lat' dir='ltr'><strong>suspiria,</strong></span> <span class='ocrx_word' id='word_1_140' title='bbox 1101 2869 1140 2936; x_wconf 88' lang='lat' dir='ltr'><strong>ab</strong></span> <span class='ocrx_word' id='word_1_141' title='bbox 1168 2869 1238 2957; x_wconf 89' lang='lat' dir='ltr'><strong>ipsa</strong></span> 
     </span>
     <span class='ocr_line' id='line_1_21' title="bbox 208 2983 1237 3072; baseline 0.002 -22"><span class='ocrx_word' id='word_1_142' title='bbox 208 2983 428 3072; x_wconf 90' lang='lat' dir='ltr'><strong>quinquennis</strong></span> <span class='ocrx_word' id='word_1_143' title='bbox 458 2984 601 3052; x_wconf 79' lang='lat' dir='ltr'><strong>infantiae</strong></span> <span class='ocrx_word' id='word_1_144' title='bbox 627 2995 738 3051; x_wconf 90' lang='lat' dir='ltr'><strong>tenera</strong></span> <span class='ocrx_word' id='word_1_145' title='bbox 766 2984 872 3051; x_wconf 90' lang='lat' dir='ltr'><strong>adbuc</strong></span> <span class='ocrx_word' id='word_1_146' title='bbox 898 2996 929 3050; x_wconf 90' lang='lat' dir='ltr'><strong>et</strong></span> <span class='ocrx_word' id='word_1_147' title='bbox 955 3003 1061 3071; x_wconf 93' lang='lat' dir='ltr'><strong>nuper</strong></span> <span class='ocrx_word' id='word_1_148' title='bbox 1080 2983 1237 3052; x_wconf 88' lang='lat' dir='ltr'><strong>ablactata</strong></span> 
     </span>
     <span class='ocr_line' id='line_1_22' title="bbox 208 3094 1283 3186; baseline 0.003 -26"><span class='ocrx_word' id='word_1_149' title='bbox 208 3094 334 3164; x_wconf 88' lang='lat' dir='ltr'><strong>levitate</strong></span> <span class='ocrx_word' id='word_1_150' title='bbox 350 3097 487 3184; x_wconf 89' lang='lat' dir='ltr'><strong>coepisti,</strong></span> <span class='ocrx_word' id='word_1_151' title='bbox 510 3106 540 3164; x_wconf 90' lang='lat' dir='ltr'><strong>et</strong></span> <span class='ocrx_word' id='word_1_152' title='bbox 562 3108 714 3186; x_wconf 89' lang='lat' dir='ltr'><strong>tanquam</strong></span> <span class='ocrx_word' id='word_1_153' title='bbox 734 3096 800 3164; x_wconf 91' lang='lat' dir='ltr'><strong>illic</strong></span> <span class='ocrx_word' id='word_1_154' title='bbox 820 3097 888 3184; x_wconf 89' lang='lat' dir='ltr'><strong>ipse</strong></span> <span class='ocrx_word' id='word_1_155' title='bbox 917 3096 951 3163; x_wconf 91' lang='lat' dir='ltr'><strong>B.</strong></span> <span class='ocrx_word' id='word_1_156' title='bbox 973 3098 1143 3184; x_wconf 79' lang='lat' dir='ltr'><strong>Apostolus</strong></span> <span class='ocrx_word' id='word_1_157' title='bbox 1169 3116 1240 3164; x_wconf 92' lang='lat' dir='ltr'><strong>cor·</strong></span> <span class='ocrx_word' id='word_1_158' title='bbox 1280 3125 1283 3128; x_wconf 96' lang='lat'>·</span> 
     </span>
     <span class='ocr_line' id='line_1_23' title="bbox 209 3205 1237 3301; baseline 0.003 -25"><span class='ocrx_word' id='word_1_159' title='bbox 209 3209 364 3298; x_wconf 91' lang='lat' dir='ltr'><strong>poraliter</strong></span> <span class='ocrx_word' id='word_1_160' title='bbox 395 3205 594 3300; x_wconf 68' lang='lat' dir='ltr'><strong>praesideret,</strong></span> <span class='ocrx_word' id='word_1_161' title='bbox 622 3212 778 3301; x_wconf 90' lang='lat' dir='ltr'><strong>quidquid</strong></span> <span class='ocrx_word' id='word_1_162' title='bbox 809 3212 925 3280; x_wconf 87' lang='lat' dir='ltr'><strong>subtile</strong></span> <span class='ocrx_word' id='word_1_163' title='bbox 951 3212 999 3278; x_wconf 86' lang='lat' dir='ltr'><strong>vel</strong></span> <span class='ocrx_word' id='word_1_164' title='bbox 1020 3211 1183 3280; x_wconf 91' lang='lat' dir='ltr'><strong>minutum</strong></span> <span class='ocrx_word' id='word_1_165' title='bbox 1204 3211 1237 3279; x_wconf 93' lang='lat' dir='ltr'><strong>in</strong></span> 
     </span>
     <span class='ocr_line' id='line_1_24' title="bbox 210 3324 1237 3415; baseline 0.001 -25"><span class='ocrx_word' id='word_1_166' title='bbox 210 3324 421 3394; x_wconf 86' lang='lat' dir='ltr'><strong>humanitatis</strong></span> <span class='ocrx_word' id='word_1_167' title='bbox 441 3338 505 3395; x_wconf 89' lang='lat' dir='ltr'><strong>tuae</strong></span> <span class='ocrx_word' id='word_1_168' title='bbox 524 3328 629 3414; x_wconf 89' lang='lat' dir='ltr'><strong>poluit</strong></span> <span class='ocrx_word' id='word_1_169' title='bbox 655 3327 784 3394; x_wconf 82' lang='lat' dir='ltr'><strong>titillare</strong></span> <span class='ocrx_word' id='word_1_170' title='bbox 810 3327 999 3407; x_wconf 87' lang='lat' dir='ltr'><strong>visceribus,</strong></span> <span class='ocrx_word' id='word_1_171' title='bbox 1021 3325 1178 3415; x_wconf 87' lang='lat' dir='ltr'><strong>quidquid</strong></span> <span class='ocrx_word' id='word_1_172' title='bbox 1205 3325 1237 3391; x_wconf 93' lang='lat' dir='ltr'><strong>in</strong></span> 
     </span>
     <span class='ocr_line' id='line_1_25' title="bbox 210 3440 1237 3532; baseline -0.001 -25"><span class='ocrx_word' id='word_1_173' title='bbox 210 3440 460 3528; x_wconf 85' lang='lat' dir='ltr'><strong>cogitationibus</strong></span> <span class='ocrx_word' id='word_1_174' title='bbox 496 3463 626 3524; x_wconf 91' lang='lat' dir='ltr'><strong>vanum,</strong></span> <span class='ocrx_word' id='word_1_175' title='bbox 665 3442 822 3532; x_wconf 88' lang='lat' dir='ltr'><strong>quidquid</strong></span> <span class='ocrx_word' id='word_1_176' title='bbox 866 3453 1022 3531; x_wconf 87' lang='lat' dir='ltr'><strong>practerea</strong></span> <span class='ocrx_word' id='word_1_177' title='bbox 1066 3440 1237 3529; x_wconf 88' lang='lat' dir='ltr'><strong>subripere</strong></span> 
     </span>
     <span class='ocr_line' id='line_1_26' title="bbox 210 3555 1238 3646; baseline 0 -24"><span class='ocrx_word' id='word_1_178' title='bbox 210 3556 317 3645; x_wconf 92' lang='lat' dir='ltr'><strong>potnit</strong></span> <span class='ocrx_word' id='word_1_179' title='bbox 342 3555 376 3624; x_wconf 94' lang='lat' dir='ltr'><strong>in</strong></span> <span class='ocrx_word' id='word_1_180' title='bbox 403 3578 553 3624; x_wconf 88' lang='lat' dir='ltr'><strong>sermone</strong></span> <span class='ocrx_word' id='word_1_181' title='bbox 583 3557 800 3646; x_wconf 83' lang='lat' dir='ltr'><strong>superfluum,</strong></span> <span class='ocrx_word' id='word_1_182' title='bbox 821 3557 971 3624; x_wconf 87' lang='lat' dir='ltr'><strong>fidelibus</strong></span> <span class='ocrx_word' id='word_1_183' title='bbox 997 3566 1044 3624; x_wconf 90' lang='lat' dir='ltr'><strong>est</strong></span> <span class='ocrx_word' id='word_1_184' title='bbox 1073 3555 1238 3623; x_wconf 87' lang='lat' dir='ltr'><strong>relationi-</strong></span> 
     </span>
     <span class='ocr_line' id='line_1_27' title="bbox 213 3671 1238 3761; baseline -0.001 -22"><span class='ocrx_word' id='word_1_185' title='bbox 213 3672 275 3739; x_wconf 94' lang='lat' dir='ltr'><strong>bus</strong></span> <span class='ocrx_word' id='word_1_186' title='bbox 302 3673 507 3740; x_wconf 89' lang='lat' dir='ltr'><strong>evolutum...</strong></span> <span class='ocrx_word' id='word_1_187' title='bbox 537 3671 663 3740; x_wconf 89' lang='lat' dir='ltr'><strong>Utinam</strong></span> <span class='ocrx_word' id='word_1_188' title='bbox 697 3694 715 3740; x_wconf 94' lang='lat' dir='ltr'><strong>a</strong></span> <span class='ocrx_word' id='word_1_189' title='bbox 746 3672 940 3761; x_wconf 88' lang='lat' dir='ltr'><strong>quibusdam</strong></span> <span class='ocrx_word' id='word_1_190' title='bbox 973 3671 1156 3752; x_wconf 87' lang='lat' dir='ltr'><strong>homicidis,</strong></span> <span class='ocrx_word' id='word_1_191' title='bbox 1190 3671 1238 3738; x_wconf 91' lang='lat' dir='ltr'><strong>vel</strong></span> 
     </span>
     <span class='ocr_line' id='line_1_28' title="bbox 213 3784 1238 3874; baseline -0.003 -21"><span class='ocrx_word' id='word_1_192' title='bbox 213 3784 414 3854; x_wconf 89' lang='lat' dir='ltr'><strong>diversorum</strong></span> <span class='ocrx_word' id='word_1_193' title='bbox 442 3785 616 3854; x_wconf 91' lang='lat' dir='ltr'><strong>criminum</strong></span> <span class='ocrx_word' id='word_1_194' title='bbox 648 3790 725 3862; x_wconf 90' lang='lat' dir='ltr'><strong>reis,</strong></span> <span class='ocrx_word' id='word_1_195' title='bbox 759 3787 805 3870; x_wconf 91' lang='lat' dir='ltr'><strong>illi</strong></span> <span class='ocrx_word' id='word_1_196' title='bbox 835 3786 988 3874; x_wconf 88' lang='lat' dir='ltr'><strong>gemitus,</strong></span> <span class='ocrx_word' id='word_1_197' title='bbox 1017 3785 1063 3852; x_wconf 93' lang='lat' dir='ltr'><strong>illi</strong></span> <span class='ocrx_word' id='word_1_198' title='bbox 1090 3784 1185 3852; x_wconf 84' lang='lat' dir='ltr'><strong>fletus</strong></span> <span class='ocrx_word' id='word_1_199' title='bbox 1204 3785 1238 3851; x_wconf 94' lang='lat' dir='ltr'><strong>in</strong></span> 
     </span>
     <span class='ocr_line' id='line_1_29' title="bbox 213 3899 1239 3989; baseline -0.002 -21"><span class='ocrx_word' id='word_1_200' title='bbox 213 3899 413 3969; x_wconf 81' lang='lat' dir='ltr'><strong>consessione</strong></span> <span class='ocrx_word' id='word_1_201' title='bbox 432 3910 695 3989; x_wconf 90' lang='lat' dir='ltr'><strong>prorumperent,</strong></span> <span class='ocrx_word' id='word_1_202' title='bbox 711 3901 757 3969; x_wconf 88' lang='lat' dir='ltr'><strong>sic</strong></span> <span class='ocrx_word' id='word_1_203' title='bbox 776 3900 861 3968; x_wconf 90' lang='lat' dir='ltr'><strong>mala</strong></span> <span class='ocrx_word' id='word_1_204' title='bbox 879 3899 939 3968; x_wconf 91' lang='lat' dir='ltr'><strong>sibi</strong></span> <span class='ocrx_word' id='word_1_205' title='bbox 960 3899 1087 3966; x_wconf 86' lang='lat' dir='ltr'><strong>conseia</strong></span> <span class='ocrx_word' id='word_1_206' title='bbox 1107 3907 1239 3986; x_wconf 90' lang='lat' dir='ltr'><strong>pectora</strong></span> 
     </span>
     <span class='ocr_line' id='line_1_30' title="bbox 215 4013 1240 4104; baseline -0.004 -21"><span class='ocrx_word' id='word_1_207' title='bbox 215 4015 431 4102; x_wconf 87' lang='lat' dir='ltr'><strong>singultirent,</strong></span> <span class='ocrx_word' id='word_1_208' title='bbox 453 4015 536 4084; x_wconf 87' lang='lat' dir='ltr'><strong>sicut</strong></span> <span class='ocrx_word' id='word_1_209' title='bbox 555 4015 621 4084; x_wconf 87' lang='lat' dir='ltr'><strong>illie</strong></span> <span class='ocrx_word' id='word_1_210' title='bbox 638 4015 875 4104; x_wconf 83' lang='lat' dir='ltr'><strong>plangebantur</strong></span> <span class='ocrx_word' id='word_1_211' title='bbox 888 4015 936 4081; x_wconf 90' lang='lat' dir='ltr'><strong>vel</strong></span> <span class='ocrx_word' id='word_1_212' title='bbox 956 4013 1105 4082; x_wconf 87' lang='lat' dir='ltr'><strong>inanium</strong></span> <span class='ocrx_word' id='word_1_213' title='bbox 1124 4013 1240 4082; x_wconf 82' lang='lat' dir='ltr'><strong>tantas-</strong></span> 
     </span>
    </p>
   </div>
   <div class='ocr_carea' id='block_1_4' title="bbox 246 4273 733 4344">
    <p class='ocr_par' dir='ltr' id='par_1_5' title="bbox 246 4273 733 4344">
     <span class='ocr_line' id='line_1_31' title="bbox 246 4273 733 4344; baseline 0.01 -20"><span class='ocrx_word' id='word_1_214' title='bbox 246 4275 281 4339; x_wconf 88' lang='lat' dir='ltr'><strong>(t)</strong></span> <span class='ocrx_word' id='word_1_215' title='bbox 296 4274 367 4328; x_wconf 86' lang='lat' dir='ltr'><strong>Patri</strong></span> <span class='ocrx_word' id='word_1_216' title='bbox 374 4275 461 4335; x_wconf 72' lang='lat' dir='ltr'><strong>Bam,</strong></span> <span class='ocrx_word' id='word_1_217' title='bbox 473 4290 562 4340; x_wconf 81' lang='lat' dir='ltr'><strong>opusc.</strong></span> <span class='ocrx_word' id='word_1_218' title='bbox 574 4288 628 4340; x_wconf 80' lang='lat' dir='ltr'><strong>cvr,</strong></span> <span class='ocrx_word' id='word_1_219' title='bbox 640 4290 696 4344; x_wconf 83' lang='lat' dir='ltr'><strong>cap.</strong></span> <span class='ocrx_word' id='word_1_220' title='bbox 709 4273 733 4330; x_wconf 82' lang='grc'><strong>3.</strong></span> 
     </span>
    </p>
   </div>
   <div class='ocr_carea' id='block_1_5' title="bbox 0 0 1578 5050">
    <p class='ocr_par' dir='ltr' id='par_1_6' title="bbox 0 0 1578 5050">
     <span class='ocr_line' id='line_1_32' title="bbox 0 0 1578 5050; baseline 0 0"><span class='ocrx_word' id='word_1_221' title='bbox 0 0 1578 5050; x_wconf 95' lang='lat' dir='ltr'><strong> </strong></span> 
     </span>
    </p>
   </div>
  </div>
 </body>
</html>
