3116 5050
634 608 794 670 ..51-

203 741 274 829 qui,
294 739 346 809 die
364 760 419 810 xrv
444 741 557 830 aprilis
581 761 683 822 unxit,
703 743 840 810 Romam
859 763 963 832 usque
988 763 1063 811 eum
1095 743 1229 812 armatis

203 876 397 946 progressus
417 868 476 940 est,
509 867 540 925 et
572 857 605 923 in
635 857 828 926 Neronianis
860 859 957 947 agris,
990 878 1056 926 non
1086 859 1180 948 longe
1212 881 1231 928 a
1307 835 1311 850 ⁸

205 968 372 1052 Vaticano,
393 980 498 1037 castra
519 970 642 1038 locavit.
664 969 878 1038 Commissum
897 985 1074 1054 certamen,
1103 972 1137 1039 in
1167 993 1232 1062 quo

208 1084 373 1154 innumeri
393 1085 520 1174 periere
540 1084 679 1153 romani.
698 1085 838 1153 Victoria
857 1085 1000 1175 primurn
1021 1108 1081 1175 pro
1097 1087 1234 1156 Cadaloo

208 1202 306 1268 stetit.
329 1203 368 1268 At
388 1201 484 1290 paulo
503 1212 576 1291 post
596 1200 724 1268 advenit
742 1201 946 1285 GodefriduS‚
963 1201 1143 1271 Tuscorum
1156 1204 1231 1285 dux,

210 1317 356 1405 adeoque
378 1336 508 1405 pressus
532 1317 688 1385 Cadalous
719 1327 778 1400 est,
810 1328 846 1384 ut
873 1317 984 1386 multis
1018 1318 1169 1406 precibus
1200 1339 1238 1386 ac

210 1430 437 1519 largitionibus
457 1431 504 1499 vix
524 1433 672 1499 evaserit.
694 1431 844 1500 Parmam
863 1432 963 1521 igitur
982 1453 1163 1522 regressus
1195 1434 1235 1502 ab

175 1592 177 1596 -
210 1547 338 1634 incepto
359 1546 492 1614 minime
512 1547 643 1616 destitit.
943 1623 950 1639 .

255 1662 339 1731 Huic
357 1662 475 1730 iterum
495 1663 624 1752 scripsit
642 1662 830 1746 Damianos,
853 1664 1019 1756 profusam
1045 1685 1103 1752 per
1132 1685 1237 1753 popu-

210 1777 280 1844 lum
300 1779 473 1867 pecuniam
493 1779 695 1862 criminatus,
719 1802 733 1844 r
757 1787 944 1864 tantamque
971 1778 1073 1867 plahis
1093 1779 1239 1848 invalidae

211 1905 308 1985 atque
327 1895 488 1988 hellurum
508 1893 667 1984 imperitae
687 1903 840 1982 stragem,
858 1903 892 1962 ut
908 1914 1239 1964 coesorumnumerus
1314 1957 1318 1968 .

212 2010 381 2099 ignoretur
401 2010 464 2098 (l).
489 2032 503 2072 a

257 2227 295 2292 At
314 2225 427 2292 eodem
447 2222 516 2291 lere
536 2233 694 2311 tempore,
722 2233 838 2292 cuncta
869 2223 903 2290 in
934 2223 1073 2312 imperio
1100 2234 1236 2293 mutata.

213 2341 361 2428 Namque
381 2340 546 2427 primaten
569 2339 681 2427 paucis
700 2349 772 2426 post
803 2339 925 2407 Pascha
957 2340 1071 2407 diebus
1105 2339 1238 2429 (namn,

209 2455 375 2545 juniorem
395 2475 518 2542 regem,
552 2456 662 2521 decem
695 2473 796 2522 annos
827 2466 952 2536 natum,
985 2455 1097 2522 matris
1133 2457 1240 2522 tutelae

213 2572 418 2659 subreptum,
438 2570 562 2636 Annoni
582 2569 763 2637 Coloniensi
793 2570 1051 2658 archiepiscopo,
1072 2574 1240 2638 tutandum

215 2683 1239 2774 educandumquecommiseruntiluilactusimperiiprinceps
1302 2775 1308 2786 ἡ

212 2815 249 2872 ut
286 2801 450 2871 schismati
488 2801 586 2868 finem
618 2803 812 2889 imponeret,
848 2823 907 2868 suo
937 2801 1128 2869 Guihertum
1163 2803 1241 2869 Par·

213 2939 358 2987 mensem
407 2916 513 2984 olfioio
549 2917 676 3005 dejecit,
716 2916 940 3005 synodumque
976 2917 1162 2998 Oshorium,
1207 2919 1240 2984 in

214 3033 362 3116 Saxonis,
387 3032 583 3111 convocavit,
605 3051 678 3118 quae
697 3032 948 3099 controversiam
973 3033 1150 3100 dirimeret.

258 3150 327 3229 Quo
359 3147 481 3228 audito,
522 3146 707 3226 damianus,
740 3147 909 3213 Alexandri
941 3169 1073 3215 rursum
1108 3169 1239 3216 causam

215 3265 406 3354 suscipiens
427 3263 512 3329 inter
532 3261 663 3328 ilenrici
684 3261 770 3348 regis
799 3264 1000 3343 advocatum,
1023 3237 1240 3351 Romanaeque

216 3381 365 3450 Ecclesiae
402 3379 617 3457 defensorem,
657 3377 747 3464 quasi
788 3377 821 3442 in
858 3378 993 3444 concilio
1025 3379 1238 3464 disputantes

215 3499 378 3584 dialogum
400 3494 548 3572 instituit,
571 3492 623 3558 cui
645 3493 773 3558 titulus:
790 3492 983 3580 Disceptatio
995 3495 1162 3580 synodalia
1179 3492 1237 3582 (d).
1326 3511 1328 3514 ·

212 3616 282 3682 Duo
304 3611 483 3702 praesertim
506 3609 597 3674 ineo
620 3607 727 3673 lihello
749 3623 862 3674 auctor
885 3611 1079 3677 confirmare
1101 3611 1237 3676 nititur:

212 3727 469 3820 primoquidem
497 3725 716 3790 Alexandrum
737 3724 919 3810 legitimum
940 3746 1010 3794 esse
1032 3728 1238 3811 pontificem;

214 3845 290 3913 dein
310 3843 418 3930 regale
434 3841 501 3929 jun,-
523 3839 555 3904 in
576 3839 662 3904 illius
683 3839 850 3920 electione,
881 3839 1014 3906 minime
1035 3843 1158 3908 laesum.

256 3956 466 4047 Imperatoris
486 3973 653 4022 assensum
675 3973 740 4019 non
760 3976 830 4022 esse
851 3956 884 4020 in
909 3956 1046 4024 Romani
1078 3956 1240 4023 Pontificis

243 4165 279 4228 (l)
296 4163 366 4214 Petri
378 4163 463 4224 Dum„
478 4159 553 4224 epist.
569 4171 587 4222 1,
603 4157 644 4207 dl.

242 4245 278 4312 (2)
294 4247 357 4306 Quae
370 4247 411 4294 est
423 4240 593 4302 Petilliam,
607 4251 696 4304 opusc.
709 4249 745 4288 nv.
