3116 5050
652 619 811 682 ...87-

210 748 346 817 modum
366 748 574 818 refectionem
593 749 755 832 ducimus,
777 759 907 838 gustare
926 758 1036 820 autem
1061 751 1111 820 rel
1136 752 1233 822 etiam

210 864 357 933 olfecisse
382 875 507 954 partem
545 865 743 955 poenitentiae
779 868 972 954 deputamus
1002 866 1064 956 (i).
1101 892 1115 934 s
1144 869 1234 937 Alius

210 978 282 1046 aliis
301 1000 432 1048 carnem
452 981 628 1069 castigandi
647 981 775 1048 modus.
798 981 832 1048 B.
862 981 1059 1064 Dominicus‚
1088 984 1234 1052 Damiani

211 1094 403 1184 discipulus,
425 1095 532 1164 ferrea
550 1097 590 1164 ad
609 1116 740 1164 carnem
769 1095 869 1164 lorica
887 1096 1094 1186 precinctus,
1123 1099 1235 1168 ferreis

212 1221 368 1300 praeterea
398 1211 533 1279 vinculis
563 1232 660 1279 crura
684 1211 881 1301 brachiaque
901 1211 1153 1300 constringebat.
1175 1214 1236 1295 Qui

211 1325 276 1391 duo
308 1323 421 1390 saltem
450 1323 614 1412 psalteria,
637 1323 698 1391 tria
727 1324 858 1412 saepius,
891 1324 1035 1413 quotidie
1066 1326 1233 1396 recitabat.

211 1436 318 1517 Ouum
346 1439 455 1506 decern
481 1438 679 1526 psalmorum
702 1437 890 1532 modulatio,
914 1464 927 1503 r
958 1421 993 1506 ut
1014 1461 1098 1529 saepe
1118 1442 1237 1527 proba-

212 1564 281 1620 tum
301 1562 360 1631 est,
385 1576 398 1617 a
433 1553 521 1620 mille
547 1573 660 1641 scopas
689 1553 847 1636 admittat,
868 1563 1064 1644 centumque
1083 1565 1116 1622 et
1141 1556 1236 1644 quin-

212 1668 367 1758 quaginta
416 1667 548 1757 psalmis
594 1679 718 1736 constet
750 1652 967 1756 psalterium,
1014 1670 1164 1758 sequitur
1201 1671 1236 1738 B.

213 1780 416 1850 Dominicum
437 1781 569 1869 triginta
588 1790 643 1848 aut
665 1780 1043 1870 quadragintaquinque
1064 1803 1238 1870 scoparum

214 1896 357 1964 millibus
386 1917 505 1984 corpus
539 1895 682 1985 quotidie
708 1897 874 1978 affecisse;
909 1913 1015 1984 neque
1053 1898 1172 1965 mirum
1211 1899 1239 1967 si

213 2011 283 2100 ejus
302 2011 396 2100 peliis
415 2011 509 2100 nigra
530 2032 675 2098 prorsus,
699 2021 852 2100 tanquam
871 2010 1042 2099 AEthiopis,
1057 2012 1155 2080 suerit
1174 2013 1236 2102 (b).

257 2125 317 2206 Qui
348 2125 449 2194 sancti
471 2125 542 2207 viri,
563 2125 625 2194 sibi
646 2128 726 2195 adeo
745 2125 833 2208 duri,
854 2147 939 2213 saepe
961 2146 1099 2194 numero
1119 2139 1151 2196 et
1169 2128 1240 2196 aliis

213 2241 395 2330 asperiores
414 2251 517 2330 erant.
539 2241 671 2329 Sergius
691 2242 725 2309 B.
743 2241 913 2309 Romualdi
933 2251 1035 2329 pater,
1054 2243 1238 2311 coenobium

214 2357 290 2424 olim
311 2357 489 2445 ingressus,
511 2357 544 2424 in
564 2357 719 2425 saeculum
738 2356 855 2424 reverti
874 2356 1011 2425 volebat.
1027 2355 1096 2434 Quo
1116 2357 1238 2442 audito,

215 2473 413 2542 ltorouatous
443 2471 602 2552 statim«
636 2471 732 2540 nudis
759 2471 889 2561 plantis,
911 2491 948 2538 ex
978 2471 1100 2539 intimis
1119 2472 1239 2541 Gallia·

214 2608 287 2656 rum
317 2587 437 2656 sinibus
466 2587 651 2655 Ravennam
670 2607 774 2676 nsque
794 2585 950 2675 pervenit,
973 2585 1083 2674 ibique
1112 2597 1238 2675 patrem
1305 2567 1314 2584 ’

214 2705 254 2772 ad
274 2703 430 2772 saeculnm
450 2703 567 2770 reverti
587 2702 746 2771 volentem
764 2701 943 2790 reperiens,
966 2701 999 2768 in
1027 2701 1116 2790 ligno
1141 2703 1240 2790 pedes

215 2819 286 2910 ejus
304 2818 431 2886 sortiter
449 2817 587 2901 strinxit,
602 2817 818 2906 gravibusque
837 2837 912 2885 cum
931 2816 1066 2884 vinculis
1085 2815 1236 2906 alligavit,

215 2933 403 3004 verberibus
423 2933 514 3002 duris
527 2931 638 3002 afflixit
657 2943 688 3000 et
707 2931 834 3000 tamdiu
851 2953 969 3020 corpus
987 2932 1056 3022 ejus
1077 2932 1130 3021 pia
1152 2953 1240 3001 seve·

216 3050 309 3118 ritate
329 3048 525 3139 perdomuit,
539 3050 642 3116 donec
661 3047 732 3135 ejus
750 3056 891 3115 mentem
911 3049 950 3115 ad
971 3047 1083 3116 salutis
1103 3057 1236 3131 statum,

194 3255 197 3260 Α
218 3168 281 3234 [teo
301 3167 448 3234 medente
468 3163 595 3232 reduxit
614 3162 670 3251 (3).
697 3188 711 3228 ι

245 3367 282 3431 (1)
297 3367 393 3432 Opusc.
406 3379 442 3431 nr,
455 3381 512 3431 cap,
524 3365 548 3416 5.

245 3448 281 3512 (ἓ)
296 3449 390 3511 Opusc.
403 3461 439 3511 ur,
454 3460 510 3512 cap.
523 3447 547 3496 8.
562 3472 590 3486 -
602 3447 643 3498 De
660 3447 720 3497 Vita
732 3445 782 3498 SS.
795 3446 935 3510 Rodutpbt'
946 3452 972 3496 et
984 3445 1129 3508 Dominict,
1138 3459 1194 3508 cap.
1210 3444 1239 3494 10

215 3533 241 3580 et
254 3529 295 3592 tt,
307 3528 352 3579 ubi
363 3532 389 3578 et
402 3528 453 3578 alia
464 3529 553 3593 legere
565 3532 613 3578 est.
628 3554 655 3566 -
674 3525 735 3578 Vita
747 3527 776 3577 S.
789 3526 946 3588 Romunldi,
959 3539 1014 3588 cap.
1029 3524 1054 3586 3,
1066 3524 1091 3585 6,
1104 3523 1144 3587 52,
1157 3524 1197 3573 64.

245 3607 282 3672 (3)
298 3608 368 3658 Petri
387 3608 472 3668 Deru,
494 3608 532 3657 De
552 3607 613 3657 Vita
629 3606 658 3656 S.
679 3606 834 3664 Romuoldi,
851 3619 907 3668 cap.
925 3604 963 3654 13.
986 3603 1049 3663 Quis
1065 3601 1159 3652 eruditi
1174 3615 1238 3652 sane

210 3689 259 3738 viri
270 3688 445 3739 temeritatem
454 3701 507 3737 non
516 3687 640 3737 miretur!
656 3703 666 3732 ι
681 3685 730 3736 Les
741 3688 898 3748 protestants
908 3688 953 3734 ont
963 3682 1035 3747 forge
1047 3695 1099 3731 une
1109 3681 1238 3732 calomnia

208 3769 340 3835 grossiere
352 3771 442 3818 contre
454 3767 522 3818 saint
540 3765 675 3816 Romuald.
692 3765 761 3816 Dans
775 3778 827 3814 une
846 3763 955 3813 histoire
976 3760 1171 3823 ecclesiastique
1189 3759 1239 3810 im-

209 3849 311 3913 primae
325 3847 437 3898 aBerne
454 3861 488 3896 en
505 3845 576 3910 1757,
592 3837 611 3897 il
630 3851 671 3896 est
690 3846 728 3894 dit
747 3859 797 3908 que
819 3843 910 3909 Serge,
926 3855 975 3893 son
993 3842 1065 3905 pere,
1089 3839 1182 3890 s’etant
1193 3837 1240 3888 fait

191 3929 309 3990 moine,
322 3931 348 3978 et
364 3928 470 3978 vomant
488 3927 585 3990 quitter
603 3929 644 3975 cet
663 3926 724 3984 etat,
738 3923 834 3988 duquel
853 3922 872 3972 it
891 3921 954 3971 etnit
973 3919 1094 3984 degobte,
1111 3916 1240 3968 Romuald

210 4013 334 4060 accourut
343 4023 377 4058 au
387 4010 543 4067 monastero,
556 4007 605 4056 mit
616 4007 662 4057 des
674 4011 793 4056 entraves
804 4018 853 4053 aux
864 4003 938 4066 pieds
952 4001 984 4051 de
998 4014 1046 4050 son
1057 3999 1129 4062 pere,
1142 4002 1168 4048 et
1180 4011 1237 4047 me·

209 4103 274 4154 napa
285 4089 318 4138 de
329 4089 354 4138 le
367 4089 470 4152 trapper
477 4087 580 4152 jusqu'b
596 4099 627 4137 cc
639 4086 701 4150 qu'il
712 4086 757 4136 eut
769 4083 866 4148 promis
877 4083 909 4133 de
923 4080 1077 4147 perseveret
1090 4077 1154 4128 dans
1166 4077 1238 4127 l'etat

203 4170 377 4233 monastique.
386 4167 462 4218 Fable
469 4168 580 4220 absurde
592 4167 632 4218 s’il
643 4165 835 4229 entutjamais.
848 4161 1000 4226 afflengien,
1012 4160 1083 4210 Dict.
1097 4158 1131 4208 de
1143 4156 1237 4218 theol„

207 4251 256 4304 art.
271 4248 460 4311 Gamaldules.)
