3116 5050
629 628 790 690 ..49-

193 767 312 856 dgnete
331 785 372 834 ue
391 772 540 854 receptus
560 762 703 853 quidem,
725 762 867 850 integras
886 783 967 852 quas
993 765 1218 852 deportaverat

191 882 315 951 litteras
347 881 483 949 Romam
513 878 635 948 retulit.
669 879 749 947 Tum
781 867 973 961 cardin'ales,
1005 879 1217 949 Hildebrandi

193 997 398 1087 potissimum
418 995 566 1072 consilio,
587 993 773 1061 Anselmum
792 994 832 1061 de
856 993 1007 1082 Badagio,
1042 996 1219 1064 Lucensem

196 1113 398 1202 episcopum,
421 1113 599 1199 elegerunt,
618 1109 673 1198 qui
693 1109 880 1206 Alexander
891 1109 918 1177 ll
944 1109 1127 1180 nominatus
1159 1122 1219 1196 est,

196 1227 249 1297 die
268 1247 331 1295 xxx
350 1236 431 1317 sept.
454 1245 531 1294 unxi
550 1225 610 1314 (1).
862 1227 866 1236 ’
1184 1208 1189 1221 ’

241 1343 310 1424 Ouo
338 1342 479 1436 cognito,
507 1340 658 1430 Cisalpini
686 1339 842 1429 episcopi,
874 1337 1002 1407 irritam
1032 1340 1222 1410 electionem

198 1459 410 1543 declarantes,
431 1457 617 1540 Cadaloum,
652 1454 859 1522 Parmensem
888 1453 1091 1543 episcopum,
1119 1456 1225 1544 ponti-

198 1574 293 1642 llcem
313 1573 572 1664 proclamarunt;
601 1569 648 1638 rei
673 1578 821 1638 auctores
851 1569 1060 1653 vercellinus,
1095 1571 1228 1639 Placen-

199 1689 353 1778 tinusque
389 1687 552 1777 episcopi,
594 1685 723 1774 publico
759 1685 793 1752 in
823 1685 1040 1768 concubinatu
1073 1686 1226 1755 viventes.

199 1805 356 1875 Gadalous
371 1804 441 1892 ipse
459 1801 711 1872 concubinarius
730 1811 761 1868 et
791 1800 987 1869 simoniacus
1019 1813 1106 1870 erat.⁴
1134 1803 1229 1872 lluuc

201 1921 288 2009 regis
307 1918 447 1986 ministri
468 1926 675 2006 acceperunt,
697 1917 837 1984 instante
851 1915 1056 2004 potissimum
1071 1916 1226 2003 Gerardo,

204 2035 340 2105 Galeriae
378 2033 507 2116 comite,
540 2033 595 2122 qui
626 2033 743 2116 luerat,
774 2043 886 2120 utpote
919 2033 1055 2122 insignis
1081 2035 1176 2118 latro,
1211 2037 1230 2104 d
1261 2088 1263 2095 ,

204 2152 337 2220 Nicolao
357 2150 385 2218 ll
404 2148 713 2218 excommunicatus.
735 2147 850 2216 Omnes
871 2160 980 2218 autem
1006 2151 1230 2220 concubinarii

207 2265 415 2336 simoniacive
434 2266 617 2334 sacerdotes
636 2263 821 2332 exultabant
839 2264 903 2354 (1).

250 2501 296 2571 Ad
317 2501 489 2569 Cadaloum
517 2501 671 2569 continuo
697 2501 826 2590 scripsit
855 2501 1028 2572 llamianus
1061 2515 1097 2572 ut
1127 2505 1232 2572 immi-

206 2626 319 2684 nentes
338 2614 488 2684 Ecclesiae
506 2614 670 2704 ltaliaeque
689 2616 794 2684 clades
814 2627 981 2685 averteret.

251 2731 288 2798 ln
307 2731 368 2798 hac
387 2741 497 2798 autem
517 2730 652 2818 epistola
672 2731 733 2799 tria
752 2730 956 2820 potissimum
968 2735 1184 2820 demonstrat-3

251 2845 287 2911 l⁰
323 2845 451 2914 Cadaloi
488 2846 691 2929 electionem,
731 2867 749 2914 e
798 2846 922 2915 Nicolai
969 2851 1110 2933 decreto,
1160 2871 1231 2919 esse

206 2958 342 3025 nullam.

251 3072 288 3140 2⁰
310 3072 475 3160 Indignus,
498 3071 554 3160 qui
575 3093 644 3140 rem
665 3085 952 3164 perpetraverant:
970 3100 983 3141 c
1000 3077 1136 3146 Multum
1156 3101 1233 3149 saue
1284 3057 1294 3132 ἕ

208 3185 349 3253 laetificat
367 3186 452 3274 quod
472 3177 662 3274 hujusmodi
683 3197 711 3253 te
733 3187 920 3276 pontificem
951 3190 1131 3278 elegerunt,
1165 3194 1234 3262 Pla-

209 3301 358 3368 centinus
383 3299 527 3368 videlicet
555 3311 586 3367 et
606 3301 814 3385 Vercellinus,
837 3305 892 3390 qui
911 3303 1066 3371 nimirum
1098 3308 1236 3375 multum

208 3416 328 3506 petulci
349 3427 388 3482 ac
406 3416 584 3504 proletarii,
607 3416 690 3484 sicut
709 3427 830 3492 norunt
860 3417 1026 3508 disputare
1057 3422 1097 3488 de
1129 3424 1237 3510 specie

210 3529 399 3612 mulierum,
422 3530 468 3597 sie
488 3531 612 3597 utinam
633 3532 824 3618 potuissent,
848 3532 881 3598 in
901 3533 1049 3621 eligendo
1085 3537 1236 3625 pontifice

210 3647 378 3736 perspicax
397 3641 517 3714 habere
533 3647 694 3734 judicium
714 3647 771 3736 (3).
797 3673 811 3713 r

240 3935 273 3999 (1)
291 3935 365 3984 Petri
377 3935 461 3999 Bam,
475 3935 642 4000 Disceptatio
656 3935 813 4000 Synodolis.
828 3963 855 3973 -
870 3936 996 3988 chronic.
1014 3938 1115 4002 Gasim,
1132 3940 1177 3992 lib.
1194 3939 1242 4005 Ill,

209 4014 234 4076 1,
244 4011 285 4063 tt.
298 4013 443 4077 -Barom,
459 4015 530 4064 Ano.
544 4016 647 4077 eccles,
659 4015 691 4064 ad
706 4030 768 4066 ann.
779 4015 850 4066 1061.

243 4093 282 4158 (1)
299 4093 370 4144 Petri
393 4095 478 4154 Bam„
503 4096 667 4158 Disceptatio
689 4095 846 4159 synodalia.
876 4096 937 4147 Vita
959 4097 1114 4150 Alexandri
1138 4101 1178 4166 II,
1201 4115 1242 4165 ap.

210 4173 314 4224 Rerum
326 4173 418 4224 Italic.
431 4175 534 4238 script,
547 4179 566 4224 t.
580 4175 626 4237 lll,
637 4189 696 4239 pars
708 4188 728 4226 1.

240 4252 276 4314 (3)
293 4252 362 4303 Petri
374 4252 458 4317 nam,
474 4253 549 4317 epist.
564 4266 583 4313 1,
600 4252 640 4303 10.

1118 4378 1135 4434 l
