3110 5066
629 622 768 684 ..9-

185 747 300 818 diebus
320 749 510 836 dominicis;
530 751 665 844 insuper
683 763 715 825 et
732 757 813 826 feria
831 777 863 841 v,
885 767 973 828 extra
998 761 1212 852 quadragesi-

185 882 274 948 mas;
296 865 429 934 demum
448 877 480 936 et
500 868 578 937 leria
597 889 645 952 111,
667 873 869 962 temporibus
899 874 1091 944 melioribus
1121 877 1208 946 anni.

187 979 355 1050 Pulmente
374 983 450 1068 duo,
472 983 587 1054 diebus
606 987 778 1056 dominicis
796 989 912 1058 iratres
931 991 1115 1075 habebant;
1149 1014 1212 1062 cae·
1336 1063 1342 1074 ,

184 1095 263 1180 teris
283 1097 409 1182 diebus,
426 1120 528 1168 unum
541 1105 777 1172 tantummodo.
794 1106 816 1172 Α
831 1104 905 1173 vino
919 1106 1062 1195 primum
1079 1108 1212 1176 omuino
1252 1095 1255 1100 ’
1291 1165 1295 1174 ,

185 1211 400 1298 abstinebant,
423 1216 476 1284 sed
498 1219 609 1304 postca
629 1217 804 1288 Damianus
823 1219 977 1290 humanae
997 1221 1209 1292 imbecillitati

187 1325 420 1416 indulgendum
441 1351 512 1398 esse
531 1331 670 1400 censuit.
873 1406 877 1418 ,

229 1434 276 1504 Ne
296 1435 368 1525 quis
388 1428 509 1520 autem,
531 1436 565 1505 in
601 1447 668 1507 tam
700 1427 811 1528 regido
843 1439 969 1510 vivendi
998 1443 1095 1510 modo
1126 1445 1212 1531 gulee

170 1533 295 1634 'forsan
314 1549 508 1640 indulgeret,
531 1551 687 1641 singulari
707 1573 784 1622 saue
804 1567 997 1644 argumento
1028 1557 1062 1624 Β.
1096 1557 1213 1626 Ductor

183 1664 311 1734 utitur:
337 1687 354 1732 c
375 1666 527 1756 Ejusdem
547 1668 615 1736 lere
633 1669 772 1740 vesaniae
791 1681 841 1739 est
853 1671 1085 1740 esculentiores
1099 1673 1212 1762 epulas

183 1779 311 1849 inhiare
330 1790 361 1848 et
380 1781 537 1870 anitergia
555 1801 630 1850 cum
652 1782 775 1851 eisdem
794 1785 828 1850 iu
847 1783 1016 1852 cuniculos
1034 1787 1212 1870 mergenda

184 1895 373 1984 depingere.
394 1895 498 1986 AEque
519 1897 674 1965 nimirum
694 1907 833 1988 utraque
852 1897 985 1966 ambitio
1001 1899 1137 1968 ridenda
1150 1897 1223 1984 est,

184 2011 262 2102 qula
281 2011 365 2080 sicut
383 2012 586 2100 egestionum
606 2014 719 2082 sordes
738 2013 855 2082 melius
875 2015 1003 2102 picture
1020 2033 1086 2083 non
1100 2014 1209 2104 tergit,

182 2129 227 2197 ita
246 2127 344 2198 etiam
363 2137 475 2198 venter
494 2149 607 2198 suaves
627 2128 716 2198 cibos
744 2149 763 2197 a
795 2128 1015 2218 grossioribus
1049 2149 1116 2198 uon
1146 2129 1212 2199 dis-

183 2240 289 2310 cernit
307 2241 364 2328 (l).
387 2266 420 2306 u*

135 2396 138 2402 ·
227 2355 381 2425 Nonnulli
401 2365 552 2424 statutam
571 2356 720 2445 regulam
738 2356 945 2440 excedebant,
977 2355 1067 2424 omui
1099 2377 1135 2425 re
1161 2377 1234 2426 cor

115 2477 120 2480 ’
183 2471 347 2562 quinaria,
368 2471 489 2540 festivis
520 2470 617 2541 etiam
647 2470 774 2556 diebus,
806 2471 1017 2546 abstinentes.
1052 2471 1151 2541 Erant
1180 2483 1213 2542 et

181 2586 239 2677 qui
258 2607 367 2676 poma,
389 2607 506 2677 caepas,
537 2591 653 2676 porros
683 2607 845 2677 omneque
874 2586 1077 2676 leguminum
1109 2608 1212 2676 genus
1245 2601 1247 2610 ’
1291 2679 1293 2683 Ι

182 2702 410 2786 abhorrentes,
432 2702 500 2770 solo
519 2723 603 2792 pene
617 2701 782 2782 virebant;
795 2703 943 2771 nonnulli
956 2722 1039 2791 pane
1055 2702 1209 2786 dimidio;

180 2819 315 2909 quidam
334 2831 442 2888 autem
472 2821 601 2890 duobus
628 2830 753 2890 tautum
785 2819 819 2888 in
849 2821 1051 2889 hebdomade
1080 2819 1207 2905 diebus,

181 2935 344 3004 dominica
381 2935 503 3004 scilicet
539 2936 718 3027 quintaque
747 2935 829 3005 feria
877 2937 1110 3020 comedebeut3
1158 2937 1213 3006 bic

181 3051 306 3132 vinum,
327 3061 455 3121 acetum
476 3051 542 3134 ille,
563 3053 613 3121 lec
631 3051 704 3136 alii;
726 3051 781 3120 alii
809 3073 879 3136 ova,
912 3073 1043 3122 caseum
1076 3074 1212 3142 prorsus
1274 3067 1276 3070 ’

181 3168 387 3256 ignorabant.
410 3167 539 3236 Lorioas
560 3168 709 3237 nonnulli
729 3168 768 3236 ad
789 3162 922 3236 caruem
942 3167 1066 3236 ferreas
1097 3167 1212 3236 iuduc-

179 3285 269 3366 bent,
302 3267 483 3372 asperrima
515 3305 654 3374 quaeque
688 3282 793 3353 cilicia
822 3282 971 3352 molliora
1003 3292 1206 3371 reputantes,

183 3424 197 3467 r
222 3399 276 3468 bic
295 3397 392 3466 etiam
411 3399 539 3468 lumbos
561 3420 638 3468 suos
657 3399 764 3468 ferrea
783 3418 913 3487 semper
931 3407 1043 3467 catena
1070 3398 1213 3466 circum·
1283 3469 1284 3472 ,

178 3515 245 3597 dat,
283 3515 456 3605 nequando
482 3516 615 3583 modum
645 3513 764 3584 sobriae
794 3513 982 3582 relectionis
1015 3513 1157 3583 excedat.
1180 3535 1208 3611 o

184 3626 270 3707 Quin
288 3626 408 3717 saepius
427 3625 541 3696 accidit
559 3635 596 3696 ut
613 3627 755 3716 longam,
772 3635 903 3694 centum
925 3644 1087 3694 annorum
1111 3647 1140 3692 v.
1163 3647 1210 3714 g,

185 3737 409 3834 poenitentiam
441 3736 654 3828 susciperent.
692 3735 814 3806 lndicat
844 3735 1020 3805 Damianos
1045 3736 1212 3825 quomodo

183 3861 273 3921 tauta
293 3852 379 3921 brevi
399 3862 545 3942 tempore
566 3851 756 3942 poenitentia
780 3850 852 3920 lieri
884 3859 1003 3942 queat:
1040 3871 1054 3916 r
1089 3850 1239 3917 llantur
1304 3877 1307 3882 ·

184 3967 272 4036 enim
304 3988 342 4038 ex
370 3987 461 4037 more
490 3967 553 4036 tria
585 3966 674 4036 milia
706 3987 879 4057 scoparum
909 3985 969 4056 pro
1002 3963 1101 4034 unius
1132 3964 1213 4033 anni

212 4233 248 4298 (1)
263 4233 358 4299 opusc.
370 4245 415 4300 xv,
430 4188 478 4296 cap
501 4231 549 4284 m.
616 4195 617 4198 Ἴ
