3116 5050
625 587 786 650 ..65-

165 725 169 732 ’
192 720 390 810 simultatem
404 723 792 812 quamdam‚Damianum
806 723 891 791 inter
903 733 934 792 et
946 725 1216 810 Hildehrandum‚

194 836 261 905 imo
280 836 434 906 invidiam
453 837 596 906 extitisse
614 838 687 937 sint
696 839 844 906 arbitrati
866 837 922 926 (Ἰ).
944 839 981 908 ln
1000 861 1065 930 quo
1085 857 1220 929 prorsus

195 973 356 1023 erravere.
378 953 472 1038 Nam,
494 974 533 1022 ex
551 953 602 1022 his
622 975 696 1042 quae
715 954 784 1043 jam
816 954 901 1023 dicta
930 967 1017 1038 sunt,
1049 957 1221 1024 maximam

195 1068 354 1138 intereos
373 1069 579 1138 concordiam
599 1069 686 1138 circa
707 1091 760 1138 res
779 1091 817 1138 eo
838 1071 1222 1160 temporegravissimas,

157 1258 160 1262 ,
195 1205 325 1254 morum
345 1185 467 1255 seilicet
485 1186 717 1256 correctionem
737 1189 1027 1278 enormitatemque
1048 1189 1222 1272 Pontificis,

196 1300 338 1370 extitisse
353 1301 574 1370 manifestum.
596 1302 771 1370 ido-autem
791 1301 861 1390 ipso
880 1301 916 1369 fit
936 1315 971 1370 ut
1002 1303 1036 1370 in
1068 1323 1133 1372 uno
1165 1304 1227 1371 dis-

197 1417 358 1486 sentiant:
381 1418 535 1486 recedere
553 1418 619 1485 vult
639 1416 825 1500 Damianus,
847 1428 1001 1506 tanquam
1020 1421 1111 1508 operi
1138 1429 1227 1488 tanto

198 1532 342 1614 inutilis;
374 1552 472 1622 quem
502 1533 620 1600 retinet
652 1531 903 1614 Hildehrandns,
935 1543 1045 1623 utpote
1077 1554 1227 1604 necessa-

199 1649 297 1717 rium.
320 1648 397 1716 Inde
416 1649 508 1716 durae
530 1650 616 1736 apud
647 1649 840 1717 damianum
872 1670 978 1731 voces,
1010 1650 1067 1738 qui
1097 1659 1129 1718 et
1158 1650 1226 1745 Ste-

198 1765 347 1853 phanum
369 1763 409 1832 {X
427 1763 630 1852 pontificem,
649 1785 668 1844 a
690 1787 756 1854 quo
788 1765 959 1854 episcopus
990 1765 1228 1854 cardinatisque
1322 1845 1323 1848 Ἴ

200 1887 329 1946 creatus
367 1887 427 1960 est,
465 1897 563 1946 suum
599 1878 764 1968 appellare
797 1888 1038 1966 persecutorem
1071 1899 1136 1946 non
1168 1881 1228 1946 du-

201 1988 283 2058 bitat
300 1988 358 2079 (2).

246 2104 408 2174 Caeterum
445 2127 519 2195 quae
556 2105 701 2174 Damiani
732 2105 831 2175 suerit
861 2127 939 2194 erga
969 2106 1229 2175 Hildehrandum

203 2219 358 2304 amicitia,
380 2223 466 2310 quod
485 2223 691 2310 obsequium,
713 2222 836 2311 ubique
855 2221 1039 2310 reperitur:
1064 2245 1082 2289 a
1101 2221 1230 2294 Utinam
1328 2312 1331 2318 ,

202 2343 267 2401 tam
290 2335 354 2402 [teo
374 2335 423 2403 vel
442 2334 536 2404 Petro
557 2356 656 2424 quam
676 2335 739 2403 tuis
758 2335 885 2424 coeptis,
906 2335 1037 2424 tuisque
1060 2337 1230 2404 conatibus

203 2469 333 2537 semper
370 2451 595 2539 obtemperare
633 2450 840 2526 contendi...Y
868 2451 954 2518 Mera
990 2460 1046 2518 tua
1084 2451 1231 2520 voluntas

204 2565 286 2632 mihi
305 2581 467 2634 canonum
498 2575 568 2634 erat
597 2565 795 2650 auctoritas3
826 2585 887 2633 nec
918 2585 1064 2654 unquam
1091 2565 1231 2652 judicavi

205 2682 292 2768 quod
312 2681 417 2750 visum
436 2691 485 2749 est
503 2681 595 2765 mihi,
618 2682 673 2750 sed
694 2682 780 2771 quod
813 2680 934 2769 placuit
966 2680 1037 2746 tibi.
1072 2681 1232 2748 Praeterea

205 2815 325 2864 nomen
345 2809 437 2865 tuum
457 2796 491 2863 in
511 2805 633 2886 quanta
651 2795 876 2864 benedictione
905 2795 1004 2864 fuerit
1029 2797 1115 2884 apud
1148 2797 1235 2864 tabia

205 2933 290 2996 mea,
312 2912 425 2980 saltem
446 2914 602 2979 domnum
627 2911 884 2995 cluniacensem,
907 2910 963 3000 qui
995 2910 1054 2979 tibi
1086 2931 1152 2980 non
1184 2923 1234 2980 est

206 3024 348 3114 ignotus,
370 3024 500 3114 inquire
519 3023 576 3113 (3).
602 3047 615 3090 s

252 3140 386 3209 Facetiis
405 3160 471 3208 non
490 3139 706 3208 abstinebant.
728 3139 980 3224 Hildehrandus‚
996 3139 1048 3208 die
1078 3122 1230 3229 quadam,

207 3257 248 3326 ad
285 3255 476 3324 Damianum
514 3255 612 3347 piscis
642 3264 768 3345 partem
801 3255 969 3323 dimidiam
1000 3256 1143 3324 miserat.
1178 3257 1235 3326 Cui

210 3372 309 3440 alter:

364 3557 424 3609 Non
434 3557 532 3608 mirum
546 3559 638 3609 Petrus
652 3557 674 3610 si
687 3557 721 3609 sit
733 3557 798 3608 mihi
810 3571 917 3622 semper
928 3571 1037 3624 egenus,

369 3639 455 3699 Quum
467 3643 595 3705 generant
605 3640 707 3690 medios
718 3639 827 3690 flumina
840 3639 987 3704 pisciculos.

182 3833 185 3840 ⁴
257 3851 404 3923 Damiani
424 3855 587 3924 lenitatem
606 3855 763 3924 irridebat
782 3855 1048 3938 Hildehrandns;
1082 3853 1237 3926 irridebat

242 4069 278 4132 (t)
293 4066 325 4118 In
335 4067 428 4132 primis
437 4065 522 4134 Voigt,
537 4067 659 4133 Greporie'
677 4064 730 4119 VII
739 4066 823 4130 Hira,
832 4067 879 4119 lib.
891 4068 924 4118 II.
979 4083 981 4086 ·

240 4146 276 4209 (ἲ)
291 4145 456 4211 Opusc.x1x‚
470 4147 499 4197 in
513 4147 569 4197 init.
718 4199 721 4204 ,
738 4191 740 4198 .
962 4208 964 4211 ,
1039 4179 1043 4188 ·

242 4226 280 4292 (3)
294 4225 366 4278 Petri
380 4227 466 4292 Bam„
480 4227 555 4291 epist.
568 4239 598 4292 11,
610 4227 635 4292 8,
650 4227 695 4278 Ad
706 4226 890 4282 attumne.
