3116 5050
771 517 970 616 ..30..¹

338 689 375 758 ln
402 699 541 780 utraque
570 699 678 759 autem
706 688 807 758 lucris
836 687 1022 758 conditione
1043 685 1258 768 constitutus,
1279 683 1367 774 ejus·

340 805 413 873 dem
433 808 562 896 regulas
581 806 753 874 observare
771 814 946 873 memento.

386 918 495 987 Primo
523 917 654 1008 quidem
685 916 772 986 domi
802 916 989 1014 resideant;
1011 934 1052 984 ne
1082 914 1147 982 sint
1171 913 1369 983 secularium

343 1053 454 1101 rerum
474 1033 606 1118 curiosi,
627 1041 734 1121 neque
752 1032 915 1102 seculares
943 1029 1030 1100 viros
1057 1031 1186 1112 adeant,
1206 1031 1293 1119 qnod
1312 1049 1371 1118 pe·

340 1147 437 1217 riculi
469 1149 616 1238 plenum,
637 1161 707 1217 tum
735 1146 958 1228 saecularibus,
984 1155 1054 1213 tum
1073 1143 1242 1214 monachis
1261 1145 1321 1234 (l).

390 1263 540 1333 Mulieres
554 1273 661 1332 autern
675 1263 888 1332 abhorreant:
905 1285 919 1328 c
938 1261 1120 1351 lnquodam
1130 1281 1249 1350 nempe
1260 1268 1372 1328 monte

343 1378 490 1462 orientis,
517 1379 640 1468 lapides
670 1389 745 1448 sunt
772 1375 914 1467 igniferi,
935 1377 991 1466 qui
1009 1377 1174 1445 masculus
1192 1374 1372 1444 etloemina

343 1505 585 1585 nuncupantur,
606 1503 639 1564 et
656 1494 809 1563 dicuntur
827 1491 987 1583 pyroboli.
1009 1492 1070 1573 Oui
1089 1491 1245 1560 nimirum
1266 1510 1371 1582 quum

345 1630 365 1678 a
397 1630 432 1678 se
461 1608 599 1678 invicem
621 1610 736 1699 procul
766 1619 842 1678 sunt
867 1629 932 1678 non
963 1608 1207 1689 accenduntur3
1238 1605 1265 1674 si
1296 1627 1374 1675 vero

346 1724 480 1794 loemina
499 1724 809 1814 appropinquaverit
827 1726 984 1810 masculo,
1004 1724 1153 1816 protinus
1172 1744 1209 1790 ex
1229 1721 1275 1791 eis
1289 1722 1375 1811 ignis

347 1840 526 1929 egreditur,
540 1839 585 1907 ita
598 1850 632 1908 ut
653 1839 763 1908 omnia
781 1839 854 1928 quae
873 1840 959 1909 circa
977 1849 1121 1909 montem
1141 1848 1217 1907 sunt
1235 1836 1376 1907 flammis

348 1965 526 2024 exurantur
545 1954 606 2044 (d),
632 1981 647 2018 u
668 1954 700 2022 Si
718 1955 802 2023 forte
821 1975 954 2024 necesse
973 1956 1014 2024 sit
1033 1975 1106 2025 cum
1127 1955 1262 2024 ioemina
1280 1957 1378 2024 collo·

348 2070 418 2162 qui,
436 2095 453 2134 c
474 2069 671 2159 longinquus
690 2070 868 2160 alloquere,
882 2075 1043 2160 terraeque
1063 2071 1173 2140 defixis
1192 2071 1374 2154 obtutibus,

348 2205 456 2276 neque
474 2185 660 2274 pallentem,
675 2206 782 2274 neque
801 2187 1028 2255 rubescentem
1048 2186 1118 2275 ejus
1137 2186 1252 2256 laciem
1273 2187 1377 2274 possis

344 2300 546 2391 judicare.»
582 2301 625 2370 Ea
654 2310 768 2370 autem'
792 2302 974 2385 occasione,
991 2303 1102 2391 jocum
1137 2304 1311 2391 quemdam
1340 2303 1375 2372 S.

348 2413 532 2496 Romualdi,
554 2434 615 2482 nec
641 2414 685 2484 ita
712 2413 927 2503 injucundum
945 2415 1071 2483 recitat.
1095 2440 1111 2478 c
1134 2415 1168 2482 B.
1202 2416 1377 2505 aliquando

350 2529 562 2613 Romualdus‚
584 2529 713 2598 rediens
742 2551 761 2596 a
780 2529 906 2621 Sibyllae
924 2530 1097 2599 comitissae
1128 2531 1302 2620 colloquio,
1324 2553 1379 2601 co-

350 2644 478 2713 mitanti
498 2645 600 2714 fertur
618 2644 731 2713 callide
750 2628 866 2714 dixisse
885 2645 1064 2734 discipulo:
1085 2645 1187 2731 Quam
1208 2648 1377 2736 elegantis,

352 2759 409 2844 ait,
430 2770 463 2829 et
480 2759 606 2830 venusti
624 2761 731 2829 vultus
750 2761 894 2846 immina,
916 2763 991 2846 nisi,
1022 2763 1106 2851 proh
1135 2763 1249 2854 dolorl
1282 2764 1381 2832 unius

353 2875 437 2944 oculi
458 2875 627 2965 dispendio
646 2875 820 2946 laboraret.
842 2875 899 2947 Cui
923 2875 1122 2967 discipulus:
1144 2877 1239 2962 absit,
1262 2880 1382 2968 magis-

354 3001 417 3075 ter,
438 2989 545 3080 inquit
557 3012 566 3074 3
588 2989 671 3057 sicut
695 2991 810 3058 decora
829 3001 915 3059 certe
935 2989 1046 3074 iacies,
1067 2991 1112 3059 ita
1130 3013 1262 3081 quoque
1281 2994 1383 3074 oculi,

355 3113 453 3193 prout
496 3102 653 3193 sagaciter
695 3104 905 3192 deprehendi,
947 3103 1161 3174 nihilominus
1203 3106 1384 3176 incolumes

356 3219 475 3308 vigent.
509 3217 611 3298 Quem
644 3218 798 3307 magister
823 3218 1153 3308 acerrima-protinus
1180 3221 1384 3291 animadver-

357 3336 448 3403 sione
467 3334 670 3423 ccrripiens:
692 3333 732 3402 Et
750 3335 824 3423 quis
843 3343 886 3418 te,
908 3334 1024 3423 inquit,
1047 3335 1081 3402 in
1101 3335 1215 3404 faciem
1235 3337 1385 3406 loemina-

357 3470 432 3517 rum
454 3449 617 3538 respicere
647 3447 780 3518 docuit‘l
801 3477 816 3512 a
839 3443 976 3518 Erubuit
1007 3449 1198 3540 discipulus,
1223 3478 1239 3517 u
1268 3473 1302 3522 se
1321 3453 1385 3520 cir-

358 3572 564 3648 cumventum
584 3561 772 3651 respiciens.
796 3588 813 3626 s

406 3814 564 3885 Libidinis
583 3826 691 3886 autem
711 3817 868 3887 nonnulla
887 3818 1032 3890 remedia
1048 3840 1057 3906 ;
1079 3841 1218 3910 quorum
1240 3819 1327 3892 aliud
1347 3825 1388 3893 ab

319 4110 321 4113 ·
393 4094 431 4159 (ll
447 4092 527 4158 Epist.
540 4108 576 4154 vr,
590 4095 622 4146 20
636 4095 711 4146 etun.

397 4171 436 4240 (l)
452 4174 546 4238 opusc.
562 4187 609 4234 nn,
622 4177 661 4227 Dc
673 4177 740 4226 bono
751 4175 978 4244 lettyiosiatatuo,
989 4193 1013 4230 c.
1026 4179 1051 4230 5.
