3110 5066
639 625 679 636 ..
698 589 739 654 35
757 624 798 636 ..

207 733 366 794 noverunt
396 723 460 794 nisi
485 723 672 794 vomeribus
702 745 778 792 arva
808 722 1029 814 proscindere,
1050 744 1166 814 porcos
1195 745 1234 794 ac

149 820 163 831 ⁷
208 840 411 910 diversorum
448 859 604 930 pecorum
652 840 823 930 captabula
862 838 1037 924 custodire,
1077 860 1164 910 nunc
1200 839 1235 907 in

208 955 357 1045 compitis
383 976 422 1025 ac
451 955 564 1039 triviis,
586 965 659 1024 ante
692 955 899 1025 mulierculas
925 976 964 1025 ac
1000 956 1233 1025 combubulcos

210 1093 287 1141 snos
311 1093 376 1140 non
401 1073 594 1142 erubescant
613 1073 652 1140 de
672 1072 911 1161 scripturarum
941 1082 1127 1140 sanctarum
1158 1092 1234 1141 sen-

208 1185 317 1254 tentiis
342 1184 529 1274 disputare;
563 1184 675 1269 immo,
708 1186 795 1275 qnod
822 1195 919 1273 turpe
944 1195 993 1253 est
1027 1185 1148 1270 dicere,
1177 1184 1235 1274 qui

209 1311 277 1369 tota
304 1311 397 1370 nocte
435 1300 576 1370 subeunt
612 1301 698 1369 inter
733 1321 831 1370 crura
860 1301 1050 1384 mulierum,
1081 1301 1133 1370 die
1169 1321 1236 1370 non

209 1426 364 1486 verentur
382 1426 520 1486 tractare
536 1419 575 1486 de
595 1417 801 1486 sermonibus
820 1417 1011 1506 angelornm
1027 1415 1087 1506 (l).
1105 1437 1123 1484 u

254 1649 315 1718 Per
335 1657 434 1722 totam
453 1668 624 1717 romanam
644 1647 855 1739 prouinciam,
878 1647 938 1716 sibi
959 1648 1104 1738 undique
1135 1647 1238 1717 conti·

210 1785 308 1854 guam
327 1765 462 1834 clericos
483 1767 597 1834 Petrus
616 1765 846 1854 congregabat,
867 1765 924 1855 qui
954 1785 1116 1833 canonum
1144 1762 1237 1831 insti-

211 1890 280 1950 tuta
298 1881 535 1965 deserentes,a
565 1880 733 1949 communi
762 1881 825 1949 vita
855 1902 990 1970 prorsus
1021 1889 1235 1964 recesserant,

212 2017 227 2061 r
250 2006 283 2064 et
301 1997 335 2063 in
355 1996 491 2086 singulis
509 1997 633 2066 laribus
652 2019 717 2067 una
732 2019 806 2066 cum
822 1998 1025 2066 mulierculis
1040 1996 1238 2065 saeculariter

210 2112 382 2200 degebant.
408 2137 422 2178 a
444 2113 545 2182 Sentae
564 2114 653 2182 feriae
666 2114 790 2182 interea
799 2114 975 2204 jejunium,
990 2114 1237 2200 recitandasque

210 2227 245 2294 B.
267 2227 408 2317 Virginis
439 2229 538 2296 boras
569 2250 778 2319 quocumque
809 2231 1028 2320 propagabat;
1058 2247 1238 2316 omnesque

212 2341 278 2411 Deo
308 2343 430 2412 lucrari
461 2345 608 2431 cupiens,
642 2345 753 2435 siquo
777 2347 871 2428 forte,
893 2346 1106 2412 solemnitatis
1125 2364 1236 2426 causa,

209 2459 322 2547 populi
342 2459 437 2527 turba
456 2459 646 2542 contineret,
670 2463 862 2530 accurrebat
880 2461 949 2551 ipse
969 2461 1024 2550 qui
1045 2471 1090 2528 tot
1109 2471 1139 2528 el
1172 2469 1237 2526 tam
1315 2549 1317 2554 Ι

136 2567 138 2571 ’
208 2574 347 2643 incultas
366 2575 534 2642 bominum
556 2587 680 2644 mentes
700 2579 738 2644 ad
759 2577 902 2645 coelestia
920 2587 1059 2665 raperet.
1084 2576 1237 2664 ‹Hujus-

209 2691 296 2758 modi
316 2669 461 2779 namque
477 2692 558 2759 lucri
578 2693 681 2780 gratia
701 2693 794 2780 longe
815 2694 965 2760 diurnam
987 2695 1091 2760 lucem
1119 2694 1237 2760 multo·

208 2806 269 2875 ties
300 2827 374 2874 eum
404 2809 584 2896 praevenire
616 2809 913 2897 conspeximussi
947 2809 1019 2876 talis
1061 2821 1237 2876 conventus

208 2922 410 3010 longiuscule
429 2923 534 3007 lieret,
556 2943 597 2992 ne
616 2910 802 3012 competens
822 2924 1061 2992 sermocinandi
1082 2924 1143 2991 sibi
1156 2925 1237 2993 hora

209 3037 365 3106 transiret
384 3037 443 3128 (b).
469 3061 483 3104 r

254 3155 293 3221 nt
312 3173 385 3221 mox
405 3153 553 3221 maximis
573 3153 723 3222 Ecclesiae
742 3155 878 3244 negotiis
899 3154 1062 3222 immixtus
1083 3164 1141 3222 est.

237 3387 274 3451 (l)
291 3387 361 3438 Petri
373 3389 457 3451 Dam,
469 3387 545 3451 epist.
558 3401 584 3449 r,
595 3389 629 3451 l„

238 3467 276 3531 (2)
294 3468 357 3518 Vita
368 3468 400 3518 B.
415 3469 491 3520 Petri
505 3468 597 3534 Dum,
609 3483 657 3534 per
668 3468 796 3521 loannem
808 3484 878 3520 mon.
892 3470 949 3535 ejus
963 3471 1127 3533 discipulum.
