3110 5066
634 584 840 678 43...

198 771 269 820 rem
304 759 508 842 peragerent,
536 748 645 838 ipsum
683 767 801 838 nempe
830 745 1024 816 Damianum
1054 755 1085 815 ct
1111 745 1224 814 busel-

199 887 290 935 mum
317 869 356 935 de
382 865 534 954 Badagio,
569 865 744 934 lucensem
775 862 978 953 episcopum.
1012 860 1090 942 Quae
1114 872 1221 930 autem

198 982 259 1050 hac
278 982 312 1050 in
330 981 491 1072 legatione
510 990 581 1050 acta
595 979 660 1049 sint
678 979 852 1048 Damianus
865 977 1084 1046 Hildebrando
1100 978 1221 1046 retulit.

242 1096 354 1164 Debita
385 1095 528 1185 primum
564 1094 594 1164 S.
629 1093 703 1163 Sodi
731 1092 938 1163 veneratione
974 1092 1069 1181 legati
1103 1091 1223 1182 recepti

198 1219 296 1293 sunt3
323 1231 388 1299 qua
418 1211 458 1278 de
488 1229 524 1276 re
546 1207 709 1277 venissent
736 1227 906 1299 aperuere.
929 1207 967 1274 At
998 1216 1127 1295 postera
1158 1206 1223 1289 die,

197 1323 426 1414 instigantibus
445 1323 582 1408 clericis,
604 1323 639 1391 in
658 1324 777 1412 populo
798 1331 931 1411 repente
950 1341 1102 1390 murmur
1120 1321 1225 1389 exori-

198 1448 274 1507 tur:
308 1464 325 1504 c
355 1439 427 1510 Non
458 1439 577 1508 debere
608 1437 856 1507 Ambrosianam
881 1437 1056 1506 Ecclesiam
1081 1437 1225 1505 romanis

198 1555 325 1643 legibus
355 1553 535 1644 subjacere,
558 1555 751 1644 nullumque
774 1552 942 1643 judicandi
966 1553 1015 1622 vel
1035 1553 1224 1643 disponendi

197 1668 252 1759 jus
271 1669 417 1738 Romano
437 1669 583 1739 Pontifici
603 1669 637 1737 in
657 1670 711 1738 illa
730 1671 806 1738 sede
825 1678 1022 1757 competere.
1043 1668 1152 1737 Nimis
1171 1669 1225 1736 ia-

201 1785 357 1874 dipnum,
389 1786 554 1875 inquiunt,
579 1794 617 1854 ct
642 1805 713 1876 que
742 1786 801 1852 sab
826 1784 1082 1874 progenitoribus
1107 1785 1226 1852 nostris

202 1921 325 1990 semper
343 1902 450 1970 estitit
470 1902 582 1986 libero,
605 1901 784 1970 adrosere
808 1900 1004 1987 mollicionis
1022 1899 1229 1989 opprobrium

202 2033 290 2082 nunc
320 2016 428 2099 elteri,
456 2017 542 2105 quod
566 2016 662 2099 obsit,
688 2016 824 2084 ecclesie
848 2016 894 2083 sit
927 2015 1115 2106 subjectae
1145 2015 1227 2082 Tum

204 2149 343 2218 magnus
363 2129 395 2197 in
415 2131 498 2199 urbe
525 2131 660 2214 clamor,
692 2141 822 2199 resonat
850 2130 1116 2213 tintinnabulum,
1145 2151 1229 2220 prae·

204 2245 337 2332 grandis
371 2265 470 2314 aeneae
499 2245 587 2314 tubae
613 2245 721 2314 sonitu
752 2255 818 2314 totu
845 2245 956 2314 civitas
980 2245 1167 2334 perstrepit,
1188 2247 1227 2314 ad

204 2359 386 2449 episcopale
412 2361 568 2450 palatium
599 2361 744 2451 undique
775 2361 1004 2431 concurritur:
1044 2385 1058 2426 r
1089 2361 1229 2429 intenta·

204 2475 283 2543 bant
303 2475 396 2559 mihi,
418 2486 455 2544 ut
469 2477 512 2546 ita
531 2479 647 2568 loquar
666 2477 775 2546 omnia
795 2487 933 2545 mortem
956 2477 1008 2564 (l).
1035 2500 1049 2542 o
1126 2514 1129 2526 ·

249 2593 369 2659 ductus
400 2593 511 2682 populi
541 2593 636 2661 furor
672 2614 774 2682 quum
800 2592 989 2676 Damianos
1024 2591 1228 2680 congregatis

204 2703 297 2790 quasi
318 2707 357 2772 ad
379 2708 536 2794 synodum
558 2706 656 2775 totius
675 2707 898 2775 Ambrosianae
925 2705 1069 2774 ecclesiae
1088 2704 1228 2786 clericis,

204 2821 287 2911 ipse,
309 2821 416 2889 modio
446 2824 575 2902 sedens,
597 2824 783 2890 Anselmum
809 2824 848 2891 ad
878 2821 1056 2906 dexteram,
1078 2821 1228 2889 Mediola-

203 2957 338 3004 nensem
358 2957 434 3005 vero
454 2937 734 3026 archiepiscopum
753 2939 792 3006 ad
812 2937 978 3006 sinistram
994 2938 1106 3006 sedere
1116 2935 1225 3026 jussit.

204 3051 296 3120 Unde
326 3053 434 3120 subito
464 3054 565 3122 factus
596 3054 629 3120 in
659 3055 741 3122 urbe
761 3055 931 3137 tumultus,
958 3079 971 3120 ι
1001 3073 1065 3121 non
1097 3052 1229 3142 quidem

203 3165 309 3252 gratia
326 3165 488 3248 Widonis,
509 3167 564 3234 sed
597 3167 799 3235 Ambrosiani
831 3189 929 3236 causa
957 3166 1091 3235 honoris
1120 3165 1175 3254 (b).
1214 3189 1227 3230 r

203 3280 273 3359 Ouo
287 3281 336 3347 vix
351 3281 541 3370 composito,
557 3282 719 3371 pulpitum
739 3283 883 3353 ascendit
902 3282 1090 3365 Damianus,
1112 3280 1230 3371 hisque

203 3396 311 3464 verbis
332 3417 465 3469 exorsus
480 3407 550 3465 est:

251 3511 422 3580 «Noverit
457 3513 597 3582 charitas
626 3524 744 3597 vestra,
771 3515 984 3599 dilectissimi,
1004 3536 1070 3584 non
1098 3534 1149 3582 me
1170 3533 1229 3603 pro

205 3627 329 3697 honore
358 3627 510 3697 Ecclesiae
550 3629 703 3698 Romanae
732 3631 799 3700 buc
838 3631 974 3715 venisse,
1006 3633 1062 3700 sed
1091 3639 1229 3698 vestram

202 3744 339 3832 gloriam
371 3765 537 3834 quaerere;
570 3745 660 3814 vobis
686 3747 822 3816 salutern
853 3756 885 3815 et
914 3747 1063 3836 gratiam,
1096 3745 1230 3836 quaein

204 3855 332 3926 Christo
352 3865 412 3940 est,
435 3877 509 3926 cum
532 3857 602 3947 ejus
616 3859 763 3942 consilio,
779 3859 806 3928 si
826 3861 1022 3949 permittitis,
1046 3858 1228 3946 providere.

202 3970 271 4052 Quo
291 3971 379 4040 enirn
403 3982 496 4063 pacto
527 3975 650 4042 honore
678 3974 801 4065 indiget
832 3975 957 4067 parvuli
986 3975 1128 4044 hominis
1156 3993 1229 4064 quae

234 4165 273 4231 (l)
290 4167 362 4218 Petri
372 4167 458 4228 Dana„
468 4183 557 4234 opusc.
567 4181 594 4234 v,
604 4170 690 4220 Actus
703 4169 863 4224 Mediolani.

232 4247 269 4311 (ἱ)
284 4248 423 4314 Amutph,
435 4248 509 4302 Hist.
524 4249 746 4316 Mediol.,1u‚12.
