3116 5050
777 621 936 688 ..92-

344 766 451 827 tanter
476 767 646 847 rogaverat
674 768 711 826 nt
739 778 774 826 se
805 758 865 826 sub
888 759 923 826 B.
945 755 1107 826 Benedicti
1127 757 1253 845 regula,
1273 756 1370 825 disci-

345 875 460 963 pulum
490 873 661 961 reciperet.
705 873 797 942 Hunc
839 873 963 962 accepit
1005 874 1134 941 tandem
1181 871 1369 954 Damianus,

346 981 559 1075 paternaeque
574 986 663 1053 brevi
682 985 862 1055 dilectionis
880 987 996 1055 affectu
1016 987 1182 1074 amplexus
1201 994 1261 1053 est.
1280 1009 1295 1052 c
1311 987 1373 1054 Re·

346 1100 506 1167 verendus
537 1100 628 1188 prior
664 1101 777 1168 Petrus
815 1111 847 1168 et
876 1099 1012 1168 clericus
1039 1099 1096 1166 Dei
1115 1099 1268 1182 loannes,
1291 1099 1374 1167 sicut

348 1216 413 1282 duo
443 1215 626 1302 Seraphim,
659 1215 767 1283 divina
796 1215 951 1283 charitate
983 1213 1186 1293 inflammati,
1214 1215 1312 1282 corde
1344 1224 1375 1281 et

349 1351 406 1397 ore
432 1329 554 1419 jugiter
580 1330 681 1398 Deum
709 1329 901 1398 altissimum
931 1329 1157 1397 collaudabant
1181 1341 1213 1396 et
1236 1329 1373 1397 fratrum

348 1454 473 1514 mentes
493 1447 533 1513 ad
553 1445 608 1513 Dei
627 1446 778 1513 timorem
798 1456 830 1513 et
849 1445 1025 1514 fraternam
1045 1443 1235 1512 charitatem
1261 1464 1375 1514 accen·

250 1613 254 1623 .
351 1543 470 1628 uentu
491 1559 593 1650 (1).»
1096 1574 1098 1580 .
1362 1616 1376 1644 ,

394 1675 510 1744 loanni
541 1674 654 1744 Petrus
692 1676 882 1765 opusculem
917 1693 1004 1757 nutv,
1043 1675 1089 1742 Dc
1132 1676 1236 1743 decem
1267 1677 1378 1765 plopis

352 1790 491 1881 AEppptc'
510 1791 642 1875 dicavit;
663 1793 803 1860 loannes
823 1801 934 1880 postea
952 1791 987 1859 B.
1012 1791 1155 1859 Damiaui
1176 1792 1272 1859 vitam
1293 1792 1378 1860 litte·

352 1904 398 1972 ris
416 1905 556 1974 maxima
575 1905 758 1995 sinceritate
778 1906 951 1973 mandavit.
976 1930 993 1969 u
1011 1905 1146 1985 Eorum,
1167 1905 1285 1994 inquit,
1305 1927 1379 1994 quae

352 2021 516 2088 relaturus
535 2042 619 2104 sirm,
641 2021 759 2109 partim
779 2011 937 2109 exipsius
957 2041 1014 2089 ore
1033 2019 1213 2108 suscepisse
1232 2021 1378 2103 memini,

354 2135 471 2224 partim
492 2158 528 2204 er
559 2138 699 2226 quodam
719 2136 1014 2224 condiscipulorum
1034 2156 1195 2217 meorum,
1229 2137 1286 2225 qui
1311 2136 1380 2226 ejus

355 2253 569 2321 coutubernio
603 2264 677 2322 ante
702 2275 755 2320 me
777 2252 969 2320 familiarius
999 2251 1201 2332 inhaerebat;
1232 2255 1379 2342 quaedam

356 2377 463 2435 autem
483 2368 587 2434 relatu
620 2367 787 2457 cujusdam
808 2367 910 2455 ipsius
937 2366 1126 2455 propinqui,
1149 2367 1207 2434 viri
1227 2367 1333 2456 gravis
1352 2381 1383 2438 et

355 2483 494 2566 honesti,
527 2505 601 2572 quae
630 2483 777 2552 videlicet
806 2483 892 2580 illius
928 2482 1170 2552 conversionem
1210 2504 1383 2574 praecesse·

357 2606 442 2679 rant,
475 2596 600 2678 audivi;
630 2606 746 2665 caetera
784 2597 917 2686 quidem
948 2597 1082 2685 propria
1106 2597 1280 2688 praesentia
1299 2599 1382 2685 ipse·

359 2721 424 2779 met
443 2712 592 2779 annotavi
613 2711 673 2802 (d).
699 2736 712 2777 a

405 2849 421 2885 o
448 2823 555 2898 Nimia
585 2829 619 2892 s'e
648 2824 757 2893 inedia
783 2825 905 2893 cellulae
923 2826 1085 2893 mactabat
1104 2825 1285 2912 ergastulo;
1307 2845 1385 2913 quo

361 2937 448 3020 tidie,
482 2949 601 3026 praeter
627 2939 695 3008 dies
721 2941 830 3022 iestos,
859 2939 1061 3029 jejunando;
1105 2939 1259 3007 cantabro
1303 2959 1385 3028 pane

360 3075 434 3121 cum
471 3056 623 3124 hesterna
659 3078 744 3145 aqua
776 3058 951 3140 vescendo;
984 3076 1109 3145 suoque
1140 3055 1282 3142 corpori,
1315 3055 1386 3122 licet

361 3167 451 3235 senio
467 3167 536 3256 jam
556 3169 712 3246 conlecto,
733 3190 771 3237 ac
789 3168 938 3257 pluribus
956 3169 1069 3236 ferreis
1088 3166 1225 3235 nexibus
1242 3166 1387 3255 undique

361 3285 546 3360 constricto,
568 3307 587 3352 a
616 3285 860 3374 disciplinarum
893 3283 1174 3372 palmatarumque
1193 3282 1312 3350 ictibus
1331 3301 1387 3348 ne-

362 3420 525 3488 quaquam
556 3401 778 3489 indulgendo:
805 3399 942 3488 jugique
980 3397 1147 3484 psallendi,
1183 3396 1309 3479 orandi,
1342 3397 1387 3462 le·

362 3515 457 3602 geudi
488 3527 585 3603 atque
615 3515 755 3583 dictandi
794 3515 983 3582 insistendo.
1017 3513 1082 3581 Nec
1125 3513 1386 3600 praetereundum

363 3630 449 3717 quod
470 3629 503 3695 in
523 3629 634 3696 eadem
654 3629 810 3717 pelvicula
837 3649 902 3717 qua
932 3646 1112 3716 pauperum
1132 3627 1231 3714 pedes
1249 3625 1386 3707 lavabat,

363 3743 512 3814 reficiens
526 3765 643 3834 panem
662 3745 858 3827 comederet,
879 3754 911 3811 et
930 3762 1029 3832 super
1047 3741 1189 3810 bibleam
1208 3739 1255 3827 (3)
1267 3749 1387 3808 cratem

397 4025 435 4089 (t)
450 4025 482 4074 B.
498 4024 614 4076 loannis
626 4023 776 4074 Laudanda
788 4023 860 4087 Vita,
873 4036 913 4086 ap.
930 4021 1001 4070 Aeto
1013 4019 1185 4096 sanctourm,
1197 4013 1253 4065 ad'l
1263 4012 1391 4078 septemb.

397 4105 431 4167 (ἲ)
453 4104 513 4154 Vita
525 4105 557 4154 B.
569 4105 646 4154 Petri
656 4105 747 4162 Dum,
759 4117 806 4167 per
817 4103 910 4154 loanu.
924 4100 1055 4161 monach,
1070 4097 1098 4146 in
1109 4096 1193 4146 initio.

396 4185 431 4250 (3)
446 4181 532 4246 stota
554 4181 622 4232 inter
642 4183 692 4233 alia
711 4181 840 4246 significat
855 4182 974 4244 juncum
997 4183 1024 4228 et
1048 4176 1185 4227 corticem.
1214 4172 1283 4222 Hinc
1304 4171 1391 4222 biblcu

366 4266 556 4330 cracesjuncea
568 4269 633 4330 erat,
645 4264 720 4330 cujus
730 4275 808 4324 usum
819 4259 943 4312 describit
954 4257 1064 4321 Plinius,
1075 4255 1120 4308 lib.
1133 4267 1181 4307 xxv
1183 4291 1192 4318 ,
1202 4267 1259 4318 cap.
1272 4251 1312 4302 tt,
