3116 5050
765 623 804 632 ...
825 586 865 649 74
884 623 924 634 ..

329 717 389 786 Hie
407 717 471 785 mei
491 717 613 786 laboris
633 718 829 802 estimatus,
851 719 922 788 haec
941 739 1066 788 merces
1085 718 1205 808 operis.
1228 715 1357 786 Litteris

329 842 438 902 autem
457 832 518 900 t'uit
536 831 591 900 illa
609 833 774 922 stipulatio
795 835 945 902 mandata
967 833 1028 924 (l).
1053 859 1070 899 u

373 947 404 1016 S.
426 945 569 1016 Odilonis
583 947 680 1016 vitam
700 948 830 1038 scripsit
848 949 1036 1034 Ilamianus,
1051 959 1185 1037 rogante
1200 949 1350 1036 Hugone,

329 1083 469 1152 quocum
497 1063 621 1133 intimae
645 1065 811 1134 charitatis
842 1085 937 1150 nexu,
959 1066 999 1134 ab
1018 1087 1057 1134 eo
1084 1076 1243 1154 tempore,
1263 1065 1352 1132 vinc-

330 1188 380 1246 tus
402 1189 461 1247 est.
483 1179 613 1267 Hugoni
643 1190 794 1270 nepotem
825 1201 934 1263 suum,
967 1181 1083 1248 rudem
1114 1181 1353 1250 adolescentem

328 1290 582 1382 imperitumque
630 1291 803 1375 commisit,
836 1303 872 1361 ut
917 1293 951 1360 in
988 1292 1082 1360 trivio
1120 1293 1356 1383 quadrivioque

328 1406 414 1492 apud
444 1405 550 1475 Gallos
581 1407 780 1493 erudiretur,
813 1407 847 1476 in
879 1408 1003 1476 ltaliam
1036 1418 1146 1496 postea
1176 1409 1355 1478 rediturus.

208 1604 211 1612 Ι
329 1521 441 1611 Neque
473 1521 592 1590 minori
622 1524 798 1592 monachos
822 1544 934 1591 amore
959 1521 1134 1592 Damianos
1163 1535 1356 1612 prosecutus

329 1639 389 1712 est,
411 1629 531 1718 quibus
567 1630 611 1698 ita
652 1630 766 1699 intimo
786 1631 883 1699 corde
913 1631 1099 1700 adhaerebat
1122 1655 1136 1696 r
1158 1639 1194 1698 ut
1213 1630 1353 1712 facilius,

329 1743 445 1834 inquit,
479 1744 598 1813 suimet
627 1744 771 1814 oblivisci
803 1767 901 1835 quam
938 1755 1044 1814 vestra
1073 1745 1231 1814 memoria
1263 1766 1356 1814 mens

329 1879 401 1926 mea
420 1861 522 1946 possit
540 1859 631 1928 avelli
659 1861 714 1947 (2).
739 1884 753 1925 r
776 1859 853 1940 Quae
876 1859 1063 1930 decreverat
1082 1861 1256 1930 Damianus
1276 1883 1354 1930 con·

329 1973 468 2042 firmavit
497 1974 566 2063 ipse
596 1975 759 2059 Pontifex,
796 1976 853 2065 qui
886 1976 1052 2064 singulare
1090 1975 1357 2045 cluniacensibus

329 2089 534 2178 privilegium
563 2100 611 2158 est
637 2090 820 2180 impertitus
840 2101 877 2160 ut
905 2090 1037 2159 nonnisi
1059 2093 1075 2158 a
1095 2093 1242 2160 Romano
1274 2093 1356 2160 Pon·

329 2205 414 2274 tifice
433 2205 705 2274 excommunicari
724 2221 856 2296 possent
874 2207 933 2296 (3).

373 2322 435 2389 Res
467 2325 624 2414 quasdam
655 2324 735 2392 alias
765 2325 784 2390 d
820 2321 977 2392 llamiano
1012 2323 1046 2390 in
1076 2322 1178 2392 Gallia
1211 2333 1357 2410 peractas

329 2437 440 2520 luisse,
461 2439 582 2527 duplici
611 2438 780 2508 Alexandri
800 2437 828 2505 ll
851 2439 890 2505 ad
920 2437 1113 2506 Remensem
1140 2437 1356 2526 archiepisco·

328 2573 409 2640 pum
434 2553 568 2640 epistola
600 2563 747 2634 constat;
776 2552 958 2642 dequibus
985 2562 1195 2620 monumenta
1225 2553 1354 2620 desunt.

329 2668 499 2755 Hugonem
535 2670 681 2758 posthac,
716 2667 926 2736 Vesontinum
956 2667 1250 2756 archiepiscopum,
1278 2666 1357 2735 visi-

329 2783 417 2866 tavit,
456 2783 508 2851 cui
543 2783 711 2870 scripsisse
747 2782 973 2871 reperitur:‹r
1002 2783 1109 2850 Unum
1141 2782 1282 2872 torporis
1320 2804 1358 2850 ac

329 2898 460 2966 desidiae
479 2899 609 2986 signum
629 2897 663 2964 in
691 2898 826 2966 ecclesia
853 2907 908 2966 tua
927 2897 1003 2966 vidi.
1027 2895 1176 2984 Plerique
1194 2896 1355 2986 siqnidem

319 3012 374 3080 ‘ibi
404 3013 597 3082 clericorum
635 3013 790 3094 resident,
812 3013 888 3080 dum
926 3013 975 3079 vel
1013 3011 1168 3080 canonica
1199 3006 1355 3078 horarum

329 3127 535 3196 celebrantur
554 3127 670 3210 officia,
691 3127 740 3194 vel
760 3126 856 3194 etiam
884 3127 1056 3194 missarum
1078 3127 1261 3206 offeruntur
1290 3138 1356 3193 ter·

329 3241 437 3309 ribilia
455 3252 668 3310 sacramenta.
696 3241 793 3332 Cujus
813 3240 1132 3329 torporis'gignaviam
1161 3261 1220 3329 per
1238 3239 1357 3309 Gallia·

329 3375 403 3422 rum
433 3365 541 3442 partes
573 3355 737 3422 nonnullis
769 3354 876 3422 inesse
906 3353 1004 3421 etiam
1041 3353 1209 3422 monachis
1240 3353 1356 3441 depre-

328 3469 449 3558 hendi:
471 3471 556 3558 quod
588 3469 730 3557 prolecto
762 3489 869 3556 pravae
894 3469 1139 3538 consuetudinis
1159 3467 1272 3536 vitium
1292 3477 1355 3550 est,

328 3584 529 3654 correctione
547 3585 682 3674 dignum
703 3584 758 3673 (ll).
783 3611 799 3649 u
1019 3573 1021 3576 ’

372 3773 417 3840 Ad
449 3770 583 3860 propria
612 3769 753 3860 denique
778 3742 874 3839 citato
894 3791 993 3839 cursu
1023 3769 1199 3838 Damianus
1219 3769 1358 3858 repeda·

360 3966 398 4029 (1)
413 3964 485 4016 Petri
496 3965 581 4028 Dum,
593 3963 669 4030 epist.
679 3976 715 4026 vr,
727 3961 752 4014 2.

358 4045 396 4109 (2)
410 4045 490 4110 Epist.
505 4057 542 4108 rr,
554 4045 578 4095 t.

358 4123 395 4188 (3)
410 4123 482 4174 Alex.
496 4123 530 4187 11,
542 4123 617 4187 epist.
629 4121 670 4184 t3,
682 4136 723 4185 ap.
739 4119 834 4187 labbe,
848 4123 960 4188 Concit,
974 4129 993 4174 t.
1007 4125 1039 4186 X,
1052 4138 1077 4188 p.
1093 4121 1164 4174 1131.

358 4203 395 4266 (t)
407 4203 478 4254 Petri
489 4203 574 4268 Dam,
589 4216 677 4268 opusc.
691 4193 785 4253 xx'xtx.
