3110 5066
749 567 908 629 ..10-

316 694 517 782 poenitentia,
539 697 605 766 sive
624 697 742 788 vigenti
760 697 926 788 psalteria,
956 706 1013 768 aut
1044 697 1163 787 vigenti
1192 697 1340 789 quinque

314 809 422 880 missae
441 811 497 898 (l).
523 834 537 876 v

359 1039 522 1130 Pauperes
540 1041 672 1131 quidem
691 1043 852 1130 regendos
871 1051 1069 1130 susceperat,
1091 1041 1278 1124 Damianus,
1303 1051 1339 1110 ut

314 1153 349 1222 in
372 1153 442 1243 ejus
469 1156 510 1224 ad
539 1156 764 1226 Gebehardum
797 1157 934 1246 epistola
962 1157 1072 1225 videre
1103 1165 1152 1224 est
1182 1155 1242 1246 (b).
1276 1156 1340 1225 lles

315 1278 423 1338 autem
444 1271 479 1338 in
497 1272 615 1340 melius
634 1273 777 1356 adduxit,
798 1272 938 1342 coenobii
958 1293 1037 1361 opes
1055 1283 1087 1340 et
1103 1271 1225 1361 praerlia
1237 1272 1338 1352 auxit,

315 1385 460 1454 construi
475 1385 566 1475 juxta
585 1363 753 1456 ecclesiam
771 1388 950 1457 claustrum
969 1388 1104 1469 curavit,
1125 1387 1243 1476 inquo
1263 1408 1341 1476 pru-

316 1499 478 1568 cessiones
516 1501 690 1591 praecipuis
728 1501 953 1571 festivitatibus
991 1502 1179 1571 solemniter
1211 1502 1339 1588 fierent,

319 1637 333 1679 a
364 1613 416 1682 cui
435 1624 468 1682 et
485 1616 684 1703 processioni
703 1637 834 1686 crucem
864 1627 1052 1705 argenteam
1080 1617 1338 1707 procuravimus.

315 1729 467 1819 Ejusdem
498 1753 629 1821 quoque
659 1733 847 1800 intentionis
877 1733 994 1814 studio,
1027 1731 1238 1800 imbecillitati
1275 1733 1341 1800 lra-

316 1844 429 1932 gilium
449 1849 666 1929 consulentes,
688 1848 784 1916 etiam
804 1847 1032 1929 tintinnabula,
1054 1858 1151 1936 atquo
1176 1847 1339 1930 bechinia,

317 1957 507 2046 diversaque
544 1959 661 2028 divinae
702 1962 817 2028 domus
867 1961 1019 2028 utensilia
1067 1959 1340 2048 comparavimus.

317 2073 436 2141 Calices
456 2094 585 2162 quoque
605 2075 686 2142 duos
705 2086 888 2163 argenteos,
910 2073 1129 2162 pulcherrime
1155 2076 1340 2157 deauratos,

318 2188 379 2255 bac
396 2188 486 2256 vobis
505 2190 629 2258 ratione
654 2190 865 2277 providimus,
898 2201 934 2257 ut
964 2210 1066 2278 quum
1097 2210 1188 2258 sacra
1216 2188 1342 2256 Domini

317 2302 464 2391 corporis
483 2315 513 2371 et
532 2305 700 2392 sanguinis
719 2304 872 2393 mysteria
890 2305 985 2392 vultis
1005 2304 1164 2392 accipere,
1190 2315 1343 2372 stannum

318 2417 367 2484 vel
379 2418 472 2486 vilius
480 2421 643 2506 quoddam
654 2421 819 2488 metallum
830 2423 943 2489 vestris
957 2421 1051 2490 labiis
1063 2440 1270 2509 nequaquam
1283 2439 1341 2488 ne-

318 2552 407 2600 cesse
419 2532 636 2602 sitadbibere.
649 2535 1063 2616 llaecomnia,lratres,n0s
1075 2534 1219 2603 nonsine
1230 2535 1344 2603 labore

319 2646 538 2734 quaesivimus,
554 2660 589 2717 ut
604 2649 692 2718 vobis
712 2650 831 2718 laboris
844 2650 1008 2738 impendia
1022 2651 1221 2731 tolleremus,
1237 2660 1342 2718 tanto·

318 2783 382 2850 que
400 2763 534 2832 liberius
553 2785 587 2834 se
606 2776 711 2834 vester
729 2765 858 2834 animus
878 2769 915 2834 ad
941 2765 1004 2833 alta
1034 2766 1217 2834 sustolleret
1234 2766 1291 2852 (3).
1326 2789 1341 2831 ι

364 2878 402 2948 ln
419 2899 484 2967 quo
503 2880 619 2948 iratres
639 2881 810 2969 adjuturus
829 2901 894 2950 non
914 2880 1074 2950 modicam
1094 2881 1255 2954 librorum
1287 2901 1343 2950 co-

320 2981 406 3082 piam
426 2995 474 3062 vir
488 2995 727 3064 eruditissimus
756 2995 952 3085 comparavit
983 2995 1092 3064 omnia
1122 2995 1243 3064 scilicet
1273 3005 1343 3064 tum

319 3109 397 3179 Novi
416 3121 485 3180 tum
504 3110 626 3179 Veteris
644 3111 839 3180 Testamenti
858 3110 1033 3192 volumina,
1054 3111 1131 3180 Acta
1149 3121 1344 3200 martyrum,

284 3293 286 3298 .
319 3225 370 3294 SS.
410 3227 541 3294 Petrum
578 3227 747 3310 Humilias,
787 3246 912 3295 necnon
958 3225 1119 3314 Gregorii,
1169 3225 1342 3309 Ambrosii,

320 3342 501 3430 Augustini,
524 3342 722 3432 Hieronymi,
745 3341 908 3431 Prosperi,
930 3342 1036 3424 bedae,
1055 3341 1207 3429 Remigii,
1221 3341 1345 3410 Amala-

321 3456 374 3538 rii,
396 3455 576 3538 Haimonis,
598 3455 760 3524 Paschasii
789 3453 1022 3524 commentaria
1054 3454 1342 3553 complectentem

322 3595 336 3636 ι
360 3581 399 3639 ut
414 3581 545 3653 sanctae,
566 3570 683 3659 inquit,
706 3570 823 3640 animae
841 3579 955 3640 vestrae
974 3589 1042 3638 non
1060 3570 1166 3638 solum
1196 3567 1345 3637 oratione

320 3694 478 3768 crescant,
499 3686 554 3754 sed
575 3696 607 3754 et
623 3685 760 3755 lectione
781 3686 1004 3775 pinguescant.
1030 3707 1044 3750 ι
1077 3685 1119 3753 Ex
1153 3683 1204 3752 bis
1235 3692 1358 3752 autem.
1422 3693 1425 3700 '

153 3803 156 3811 '
259 3836 262 3840 ·
320 3801 486 3870 codicibus
505 3801 679 3869 nonnullos
698 3801 770 3890 ipse
785 3801 935 3871 correxit.

350 4023 384 4086 (t)
400 4024 485 4086 uam,
498 4036 587 4085 opusc.
599 4035 654 4086 xrv,
670 4023 710 4074 De
721 4023 817 4074 ordine
831 4022 1016 4074 eremitarum.

351 4105 389 4168 (2)
405 4105 491 4166 Dum,
506 4103 580 4167 epist.
594 4116 635 4164 111,
648 4102 672 4152 1.

352 4185 390 4248 (3)
404 4183 500 4248 opusc.
514 4195 569 4246 xiv,
581 4183 613 4234 ad
625 4182 715 4234 finem.
