3110 5066
757 615 914 678 „22-

366 752 456 832 Quod
487 772 848 836 announv111,mense
885 752 1010 831 martia,
1044 750 1136 818 initio
1165 751 1350 839 quadrage-

323 868 425 948 simae,
454 869 588 938 sabbato
618 890 693 938 uero
727 879 868 958 quatuor
895 877 1092 956 temporum,
1123 865 1256 954 contigit
1285 866 1345 955 (l).

321 983 475 1054 Ostiensis
495 995 603 1052 autem
623 984 795 1074 episcopus
814 983 938 1072 primus
959 993 1036 1051 tunc
1061 982 1094 1048 in
1121 981 1267 1049 Romana
1287 981 1349 1050 lic-

322 1098 419 1166 clesia
438 1108 510 1186 post
529 1119 692 1167 summum
718 1097 902 1188 pontificem
933 1107 1014 1180 erat,
1036 1095 1088 1164 cui
1117 1095 1251 1186 proprio
1279 1117 1350 1166 suae

322 1212 408 1281 sedis
423 1212 499 1301 jure
529 1213 743 1282 cardinalium
763 1214 897 1295 decano,
931 1212 1035 1280 honos
1067 1211 1204 1301 insuper
1228 1232 1349 1300 papam

224 1393 226 1398 .
322 1326 430 1416 ipsum
450 1328 660 1397 consecrandi
679 1327 883 1416 competebat
903 1327 965 1416 (l).

367 1441 457 1510 Brevi
477 1454 598 1526 autem,
620 1442 672 1511 die
691 1443 813 1512 scilicet
831 1461 863 1512 ιν
882 1443 1089 1512 calendarum
1116 1441 1229 1532 aprilis
1244 1460 1350 1510 unuur

322 1557 503 1648 Stephanus
522 1558 692 1628 defunctus
711 1570 771 1628 est.

367 1786 478 1855 batam
499 1785 701 1855 occasionem
727 1785 903 1875 Gregorius
932 1787 972 1854 de
1002 1784 1162 1869 diberico,
1194 1785 1351 1854 Tuscula-

321 1899 430 1968 nensis
466 1919 586 1980 comes,
625 1897 794 1968 confestim
821 1897 973 1986 arripuit,
1000 1913 1035 1966 ut
1073 1899 1262 1966 diuturnam
1281 1919 1351 1966 suae

321 2014 425 2103 gentis
446 2013 480 2082 in
500 2014 657 2102 eligendis
676 2013 884 2102 pontificibus
898 2013 1121 2082 auctoritatem
1135 2022 1347 2082 restauraret.

321 2125 427 2206 Quare
445 2129 529 2196 facta
548 2127 701 2196 societate
720 2147 795 2196 cum
815 2125 959 2196 Gerardo
991 2129 1031 2195 de
1061 2127 1188 2210 Galera,
1221 2147 1350 2198 necnon

320 2241 515 2330 quibusdam
527 2240 671 2310 romanis
678 2240 896 2331 principibus,
908 2241 924 2310 l
929 2261 1080 2325 oannem,
1094 2240 1350 2310 veliternensem

320 2356 521 2446 episcopum,
561 2355 714 2424 Mincium
751 2355 957 2442 cognomine,
1001 2375 1118 2444 papam
1169 2356 1348 2440 constituit,

320 2472 483 2541 Benedicti
502 2472 635 2540 nomine
654 2471 805 2560 imposito
826 2469 887 2559 (3).
918 2494 933 2536 t
966 2470 1057 2550 Quod
1089 2482 1210 2552 autem,
1242 2472 1350 2560 inquit

320 2587 506 2671 Damianos,
539 2586 592 2656 ille
624 2586 773 2675 (loannes
806 2590 865 2674 sc.)
909 2587 1033 2655 crimen
1066 2587 1128 2654 hoc
1157 2586 1279 2676 palliat,
1319 2597 1352 2656 et

321 2713 460 2774 tractum
480 2723 514 2772 se
532 2702 628 2792 vique
647 2713 807 2786 coactum,
822 2702 941 2792 quibus
953 2712 1061 2791 potest
1072 2701 1190 2783 verbis,
1206 2713 1348 2786 excusat,

322 2820 384 2887 boc
402 2839 474 2908 ego,
496 2818 570 2887 licet
589 2820 628 2886 ad
649 2817 808 2908 liquidum
830 2818 988 2895 nesciam,
1009 2828 1117 2886 tamen
1137 2817 1257 2907 etipse
1285 2838 1351 2886 non

323 2955 558 3025 usquequaque
578 2933 739 3002 diffiteor:
775 2933 820 3002 ita
850 2934 973 3024 quippe
1004 2945 1052 3002 est
1077 2934 1174 3001 homo
1201 2934 1350 3014 stolidus,

324 3053 417 3120 deses
437 3071 474 3119 ac
493 3049 615 3118 nullius
635 3049 769 3139 ingenii,
791 3061 827 3118 ut
845 3049 934 3118 credi
953 3049 1056 3139 possit
1074 3049 1215 3118 nescisse
1237 3069 1297 3138 per
1318 3070 1353 3118 se

324 3163 401 3232 talia
433 3163 613 3232 machinari
646 3162 707 3253 (ll).
741 3185 759 3230 ι
791 3162 993 3232 Simoniacus
1025 3171 1147 3246 autem,
1182 3161 1351 3252 multiplici

325 3279 463 3361 ratione,
483 3281 624 3350 loannes
643 3290 692 3349 est
709 3279 891 3348 habendus.

373 3393 410 3461 l⁰
428 3393 564 3474 Quidem
586 3419 600 3461 r
623 3393 887 3478 reclamantibus,-
910 3393 1142 3462 obsistentibus
1161 3401 1193 3461 et
1224 3391 1354 3461 terribi-

329 3510 404 3579 liter
422 3509 805 3580 anathematizantibus»
838 3509 1058 3579 cardinalibus
1090 3509 1247 3594 romanis,
1284 3510 1356 3599 ipse

363 3758 400 3821 (l)
415 3757 486 3808 Petri
497 3758 572 3808 llam.
584 3757 646 3822 vita,
660 3770 702 3823 ap.
714 3757 890 3824 Augustinum
902 3757 1065 3821 Fortnnium,
1076 3757 1123 3808 lib.
1136 3770 1162 3821 v,
1175 3756 1364 3809 Historiarum

203 3862 206 3868 ·
335 3840 597 3892 Gcmnldulensium.

365 3920 402 3984 (ι)
415 3921 490 3973 Circa
501 3921 577 3972 Rom.
587 3920 705 3972 ecclesia
722 3921 842 3982 formam,
854 3917 906 3968 rid.
922 3917 1027 3982 Baton,
1039 3919 1144 3970 Annul.
1165 3919 1269 3980 eccles,
1289 3924 1309 3970 t.
1330 3919 1363 3985 tt,

334 4015 359 4066 p.
374 4000 430 4052 238.
451 4029 480 4040 -
499 4003 537 4053 De
561 4001 689 4054 Ostiensis
706 3999 824 4052 ecclesiae
842 3997 1027 4064 praerogativis,
1048 3998 1152 4065 Ughelb
1171 3998 1257 4050 Italia
1272 4013 1362 4050 suern

336 4079 436 4145 Roma,
448 4081 519 4146 1644,
534 4085 554 4132 ι.
566 4082 587 4142 Ι,
599 4095 643 4146 pp.
656 4079 696 4143 62,
708 4079 750 4132 63.

366 4161 402 4226 (3)
418 4164 470 4213 Leo
481 4162 618 4225 Ostiensis,
633 4161 787 4212 chronicon
802 4159 988 4220 cluniacense,
1002 4157 1049 4208 lib.
1061 4170 1092 4222 ιι,
1104 4173 1161 4223 cap.
1176 4157 1231 4209 tot.

286 4243 290 4248 '
370 4240 404 4306 (4)
420 4242 491 4294 Petri
501 4243 586 4307 Danu,
598 4241 674 4307 epist.
686 4253 727 4306 111,
740 4241 768 4306 l,
776 4241 809 4292 ed
822 4239 936 4304 archiep.
955 4238 1144 4290 Ravennatem.
