3110 5066
617 595 775 658 ,17-

188 718 368 800 canonibus
398 749 469 798 esse
499 727 681 818 oppositas,
717 729 784 796 imo
815 737 849 796 et
877 727 964 796 inter
993 748 1028 795 se
1064 747 1214 816 pugnan-

190 855 250 914 tes.
332 932 335 938 .
416 917 419 921 Δ

234 960 272 1028 2⁰
294 960 437 1044 Clericis,
454 960 574 1050 quibus
593 959 644 1027 bis
664 959 698 1026 in
723 959 821 1027 rebus
847 959 942 1047 culpa
966 959 1084 1048 major,
1111 959 1216 1026 mino·

191 1097 261 1145 rem
282 1088 390 1145 tamen
414 1097 515 1166 qnam
540 1076 628 1144 laicis
648 1074 870 1164 poenitentiam
889 1075 1029 1165 injungi.
1052 1075 1122 1164 lpse
1142 1097 1218 1145 vero
1322 1085 1324 1090 '
1375 1113 1381 1123 ·

192 1191 368 1262 sodomitas
389 1213 408 1260 a
426 1213 518 1260 sacro
543 1211 679 1280 prorsus
705 1189 886 1260 ministerio
912 1193 1081 1276 arcendos,
1102 1192 1181 1283 quin
1201 1195 1221 1262 a

192 1307 369 1377 christiana
385 1309 478 1397 plebe
497 1307 725 1396 sejungendos,
747 1317 870 1376 etcum
889 1309 1118 1398 energumenis
1136 1310 1221 1377 rele-

194 1424 317 1512 gandos
337 1444 408 1494 esse
422 1434 542 1493 censet.
584 1444 586 1448 ·
763 1508 765 1512 .
1027 1499 1029 1505 ,

240 1541 287 1609 td
305 1539 499 1608 Damianum
518 1538 685 1628 rescripsit
698 1540 761 1607 Leo
776 1537 836 1607 lll:
861 1538 973 1619 «Quia
985 1524 1096 1608 sancto
1111 1541 1223 1610 furore

181 1663 376 1743 permotus,
398 1672 472 1742 quae
492 1651 549 1719 tibi
570 1651 762 1720 videbantur
781 1650 970 1740 scripseras,
985 1636 1124 1740 oportet,
1141 1651 1225 1722 sicut

197 1769 374 1852 desideras,
390 1767 600 1857 apostolicam
621 1775 766 1836 nostram
778 1767 966 1856 interponas
985 1767 1223 1853 auctoritatem,

197 1894 356 1975 quatenus
372 1883 596 1972 scrupulosam
618 1881 799 1971 legentibus
812 1882 1000 1951 auleramus
1013 1883 1224 1966 dubietatem,

188 2008 230 2066 et
266 2005 392 2065 constet
428 1995 581 2062 omnibus
603 1997 728 2062 certum
759 2003 871 2062 nostro
904 1993 1029 2084 judicio
1066 1995 1227 2083 placuisse

201 2111 570 2203 quaecumqueoontinet
589 2109 658 2198 ipse
678 2109 818 2179 libellus.
836 2111 954 2178 »Adeo
975 2119 1083 2180 autem
1105 2113 1226 2180 malum

200 2228 381 2298 invaluerat
407 2239 444 2296 ut
473 2225 655 2294 minoribus
679 2225 911 2314 indulgentior,
933 2226 1072 2315 majores
1097 2236 1229 2302 ,tanturn

200 2343 235 2412 in
254 2365 328 2412 reos
350 2343 463 2412 saevire
482 2363 567 2431 papa
586 2343 786 2409 decerneret.
1158 2409 1161 2415 ,
1221 2410 1222 2414 ,

248 2460 385 2546 Mortuo}
399 2457 524 2526 interea
549 2456 753 2540 denehardo,
777 2456 1021 2548 archiepiscopo
1041 2457 1228 2544 Ravennati,

204 2583 404 2644 successerat
439 2572 611 2641 Wickerus
647 2573 830 2662 quidemr
862 2568 1036 2642 violentus
1054 2577 1177 2664 praedo,
1215 2599 1229 2640 s

205 2711 303 2780 quem
350 2687 509 2756 Henrious
545 2687 738 2777 imperator,
788 2688 940 2756 omnibus
989 2689 1230 2777 plaudentibus,

204 2803 337 2894 expulit.
366 2804 507 2872 Henrico
538 2803 668 2892 scripsit
697 2802 870 2872 Damianos
902 2824 944 2872 ne
972 2805 1142 2894 expulsum
1170 2827 1232 2874 un-

205 2941 306 3011 quam
324 2921 359 2988 in
378 2919 489 2989 sedem
508 2919 705 2988 restitueret.
729 2919 910 3008 Imperator
936 2930 1059 3003 antem,
1081 2932 1233 2990 currente

206 3036 283 3106 anni
301 3053 371 3106 nnn
390 3034 651 3126 quadragesima,
673 3034 890 3102 Ravennatem
904 3036 1073 3105 ecclesiam
1092 3036 1233 3105 Henrico

206 3153 306 3224 dedit.
328 3153 446 3222 Huica
464 3143 619 3220 Damiano
632 3151 756 3244 dicatus
781 3150 911 3218 libellus
940 3151 998 3240 qui
1020 3151 1235 3222 (iratissimus

206 3265 409 3338 inscribitur.
684 3279 686 3282 ·

253 3381 392 3463 Quaestio
411 3391 483 3450 orta
512 3391 593 3466 erat,
618 3381 702 3449 etin
722 3381 841 3470 triplici
861 3401 998 3450 romano
1017 3381 1152 3452 concilio
1169 3368 1237 3473 jam

209 3499 341 3588 agitata,
363 3509 474 3568 utrum
501 3498 536 3565 bi
567 3499 674 3566 denuo
694 3496 905 3566 consecrandi
925 3498 1041 3582 forent,
1062 3497 1118 3586 qui
1138 3499 1239 3588 gratis

211 3615 349 3683 luissent
378 3616 397 3682 d
422 3611 607 3682 simoniacis
632 3612 822 3681 consecrati.
843 3612 945 3700 Negat
974 3613 1162 3696 Damianos,
1200 3635 1240 3682 ea

213 3730 418 3820 potissimum
437 3729 564 3798 ratione
589 3731 676 3817 quod
707 3728 900 3797 sacramenti
930 3728 1031 3797 virtus
1060 3729 1239 3798 aministri

129 3881 131 3886 ·
212 3846 330 3916 virtute
343 3845 477 3914 minime
496 3845 647 3934 pendeat.
664 3843 736 3913 Non
754 3865 795 3912 ne
816 3845 880 3912 duo
895 3855 970 3912 sunt
994 3843 1238 3933 distinguenda:

214 3963 312 4030 homo
332 3961 453 4030 scilicet
472 3971 504 4028 et
518 3959 758 4028 ministerium?
777 3959 849 4028 Non
868 3979 909 4026 ne
928 3961 968 4027 ab
982 3959 1123 4049 indignis
1136 3981 1242 4030 sacer-

215 4077 345 4147 dotibus
377 4076 535 4146 miracula
563 4077 682 4166 saepius
711 4085 837 4165 patrata
856 4075 953 4144 sunt‘l
975 4075 1046 4146 Non
1068 4096 1121 4145 nc.
1138 4077 1245 4152 Raim-

216 4195 343 4278 baldus,
379 4192 558 4262 Fesulanus
586 4192 770 4282 episcopus,
804 4191 1001 4262 simoniacus
1039 4192 1108 4282 ipse
1140 4203 1172 4262 et
1209 4193 1243 4262 in

1119 4335 1138 4392 2
