3110 5066
688 1319 691 1323 Ι
718 1381 866 1456 CAPUT
892 1380 936 1455 11⁴.

316 1882 456 1934 Damianos
475 1881 628 1944 monachus,
641 1880 880 1945 monachorumque
895 1881 1040 1944 praeiectus.
1054 1907 1083 1917 -
1095 1879 1157 1940 Quae
1170 1875 1256 1937 tuerit,
1270 1878 1340 1942 apud

347 1961 500 2012 avellanum
512 1960 621 2016 fontem,
634 1958 802 2010 cremitamm
814 1959 876 2010 vita.
888 1959 997 2020 -Quot
1009 1962 1035 2009 ct
1046 1963 1142 2023 quanta
1151 1957 1179 2008 in
1191 1958 1340 2010 coeuoblum

347 2041 415 2092 bona
426 2041 566 2091 Damianus
579 2039 725 2090 contulerit.
744 2065 768 2076 -
784 2039 905 2104 insignes
915 2039 945 2089 B.
960 2039 1072 2090 doctoris
1083 2037 1212 2104 discipuli.

363 2257 399 2324 iu
418 2253 605 2323 eremitorio
625 2252 739 2322 Petrus
759 2273 877 2341 magua
896 2253 1045 2341 protinus
1064 2250 1244 2344 religione„
1269 2271 1340 2320 mo-

317 2369 432 2456 destia,
454 2389 647 2458 morumque
666 2367 873 2458 simplicitate
888 2367 1014 2440 claruit.
1040 2367 1101 2448 Qui
1128 2387 1341 2456 quumprae-

318 2497 419 2570 terea,
439 2484 595 2553 absolutis
627 2483 826 2574 quotidianis
856 2483 1020 2574 precibus,
1052 2503 1180 2552 summo
1210 2483 1341 2552 lectioni

319 2601 425 2671 studio
445 2599 712 2690 meditationique
737 2609 875 2682 vacaret,
904 2609 1025 2668 tautam
1053 2598 1142 2666 brevi
1172 2619 1341 2668 sacrarum

207 2707 211 2715 ’
319 2714 557 2804 scripturarum
576 2711 743 2800 scientiam
763 2711 899 2800 adeptus
918 2720 978 2791 est,
1000 2703 1153 2800 quautam
1170 2721 1266 2780 antea
1295 2733 1342 2781 sc·

256 2855 258 2858 ·
319 2829 480 2899 cularium
500 2829 606 2897 iuerat
624 2828 772 2917 adeptus.
792 2826 899 2908 Quare
918 2826 1034 2894 fratres
1053 2827 1188 2896 edocere
1214 2826 1339 2916 jussus.

363 2943 432 3010 Mox
451 2951 573 3022 autem,
595 2940 880 3029 percrebrescente
899 2939 997 3022 fama,
1011 2939 1115 3008 Guido
1132 2939 1189 3029 (i),
1205 2941 1342 3030 Pompo·

321 3055 433 3125 siauus
453 3052 503 3144 (b)
519 3052 632 3136 abbas,
646 3053 687 3121 ab
706 3051 846 3122 Avellaui
866 3033 976 3120 Fontis
997 3051 1104 3142 priore
1121 3053 1294 3141 postulavit
1306 3064 1343 3122 ut

292 3169 513 3238 'Damiauum
551 3167 612 3237 sibi
652 3167 806 3249 mitteret,
846 3186 1022 3257 secumque
1058 3168 1224 3257 paulisper
1253 3189 1343 3238 com·

319 3283 439 3353 morari
478 3284 610 3368 sineret,
649 3303 714 3372 quo
751 3283 867 3351 melius
912 3283 1089 3352 monachos
1136 3285 1343 3355 sermonibus

320 3407 429 3488 posset
447 3405 479 3465 et
497 3395 651 3486 exemplis
671 3395 860 3463 informare.
888 3395 1015 3484 Optime
1033 3407 1123 3484 gesta
1144 3417 1216 3478 res3
1237 3417 1344 3486 neque

322 3509 494 3579 Damianus
513 3528 658 3599 uuquam
677 3507 858 3598 Pomposiae
876 3520 925 3578 est
944 3509 1075 3593 oblitus,
1091 3519 1127 3578 ut
1138 3531 1175 3579 ax
1187 3509 1258 3600 ejus
1267 3532 1342 3602 ope·

319 3624 411 3694 ribus
429 3623 538 3694 videre
557 3633 617 3693 est.
648 3655 649 3658 ¹

362 3740 407 3810 bd
427 3739 561 3829 propria
580 3748 652 3830 post
671 3737 841 3808 biennium
859 3734 1028 3810 revocatus
1047 3741 1087 3810 ad
1117 3741 1150 3811 S.
1181 3740 1342 3811 vincentii

350 3975 389 4039 (a)
403 3975 430 4027 s
445 3975 528 4028 curuo
538 3989 586 4028 seu
596 3975 674 4028 wuo
685 3980 803 4028 manuus
816 3977 887 4030 roto.
902 3978 950 4030 ure
960 3978 990 4029 31
1000 3978 1097 4040 :murts
1108 3978 1210 4030 autur.
1250 3963 1252 3967 ’

350 4055 387 4120 (2)
402 4056 556 4119 Pomponia,
571 4070 653 4124 pagus
670 4071 731 4108 cum
742 4057 860 4110 coenobio
873 4058 902 4109 in
917 4059 1048 4110 territorio
1061 4057 1226 4132 Rauennate}
1242 4059 1344 4125 abipsa

319 4133 452 4198 Ravenna,
466 4133 499 4185 15
512 4148 548 4186 m.
560 4150 586 4200 p.
869 4153 873 4162 ·
928 4131 930 4134 ’
