3116 5050
783 590 944 654 ..84-

348 743 434 808 mus,
455 722 603 814 corporis
627 719 730 792 nostri
749 731 939 813 tympanum
965 722 1082 792 celsius
1112 723 1280 792 resonabit
1308 723 1374 794 sic-

347 841 422 907 cum
452 859 550 928 quam
580 839 709 928 liquore
743 837 808 906 vini
845 839 892 906 vel
925 837 987 906 olei
1025 838 1223 928 pinguedine
1249 839 1375 908 delibu-

344 965 414 1022 tum
435 955 496 1044 (1).
523 977 537 1020 ι
558 954 599 1023 lli
617 964 726 1023 autem
746 953 846 1042 polito
866 973 1032 1036 sermone,
1051 953 1097 1021 illi
1117 953 1236 1046 inclyto
1254 975 1375 1044 genere

345 1067 502 1156 gloriari;
536 1053 591 1156 dui
622 1069 661 1136 de
692 1065 884 1156 majoribus,
906 1066 1021 1134 callido
1052 1068 1192 1155 quodam
1225 1067 1375 1136 vanitatis

344 1182 481 1251 artilicio
501 1183 694 1252 maledicere
713 1183 839 1251 malunt
857 1203 955 1272 quam
979 1192 1100 1250 tacere.
1123 1207 1140 1246 ι
1161 1182 1265 1250 Tenes
1284 1186 1373 1272 quod

345 1296 445 1366 dico‘l
464 1299 586 1366 decusa
605 1298 760 1366 Achillem
776 1297 868 1364 multi
889 1296 1056 1386 sanguinis
1075 1317 1181 1382 reum,
1203 1308 1240 1366 ut
1258 1309 1292 1366 tu
1319 1299 1373 1366 in·

345 1415 469 1502 telligas
503 1413 664 1482 bellorum
694 1413 801 1482 studio
832 1422 1001 1481 strenuum
1031 1412 1095 1503 (l).
1120 1436 1134 1478 ι
1163 1413 1373 1496 Charitasin

343 1529 450 1612 labiis,
472 1529 506 1596 in
537 1530 634 1596 corde
665 1527 796 1612 invidia,
823 1526 943 1616 injuria
972 1528 1007 1596 in
1032 1528 1185 1597 manibus
1209 1529 1283 1619 (3);
1305 1531 1374 1599 solo

344 1654 440 1712 tenus
460 1644 628 1727 reclinata,
644 1653 680 1711 ut
693 1642 737 1711 ita
759 1643 878 1724 dicam,
897 1642 1090 1732 disciplina:
1110 1644 1240 1712 «Periit
1253 1647 1371 1734 pudor,

342 1760 495 1829 honestas
513 1758 654 1839 evanuit,
673 1759 788 1847 religio
802 1758 933 1840 cecidit,
954 1769 996 1843 et,
1017 1760 1104 1827 velut
1121 1759 1252 1848 agmine
1271 1759 1369 1846 lactc,

343 1874 491 1941 omnium
510 1882 696 1941 sanctarum
707 1871 867 1940 ‘virtutum
881 1871 978 1939 turba
993 1873 1108 1959 procul
1119 1872 1259 1941 abcessit
1271 1873 1332 1960 (lll-
1355 1898 1369 1940 r

392 2093 445 2162 Nil
483 2091 618 2175 mirum,
652 2112 756 2181 quum
788 2094 880 2162 tales'
898 2092 960 2181 ipsi
990 2093 1114 2162 fuerint
1149 2093 1375 2164 coenobiorum

346 2207 503 2296 praelecti.
529 2231 542 2272 ι
572 2205 655 2286 Quid
685 2208 724 2275 de
755 2207 914 2274 monacho
944 2207 998 2275 ille
1023 2207 1124 2276 abbas
1153 2207 1251 2276 habet
1277 2230 1374 2298 quem

316 2383 319 2388 .
349 2322 495 2390 videmus
515 2322 657 2391 avaritiae
674 2323 799 2391 lacibus
829 2321 1046 2406 inardescere,
1068 2321 1267 2410 praediorum
1298 2345 1375 2392 con-

347 2435 426 2503 linia
445 2435 591 2519 dilatare,
613 2437 767 2524 pecunias
799 2435 875 2503 hinc
906 2435 988 2518 inde,
1012 2457 1085 2505 cum
1114 2447 1203 2504 lanta
1226 2437 1375 2506 aviditate

347 2549 511 2637 colligere,
532 2551 571 2618 ad
602 2550 708 2617 aliena
726 2549 947 2638 conquirenda
971 2550 1054 2618 totis
1085 2550 1254 2619 desideriis
1273 2552 1375 2620 anhe-

315 2651 438 2732 llare‘l
462 2664 520 2734 Cui
552 2665 790 2734 monasterium
820 2665 861 2733 sit
898 2665 1090 2755 hospitium,
1111 2667 1267 2754 equinum
1298 2688 1375 2736 vero

347 2781 482 2848 dorsum
501 2781 725 2870 quotidianum
744 2780 978 2864 habitaculum,
997 2779 1206 2864 chirothecae,
1223 2783 1373 2868 calcaria,

348 2897 480 2979 scutica,
502 2896 723 2985 pedrisigulae,
745 2895 822 2964 etsi
841 2916 906 2984 qua
925 2895 988 2964 alia
1007 2895 1172 2985 equitandi
1190 2906 1266 2964 sunt
1284 2909 1376 2966 uten-

347 3011 431 3095 silia,
454 3001 623 3100 nunquam
643 3011 746 3078 otioso
766 3011 830 3078 situ
855 3011 1000 3099 neglecta
1027 3022 1251 3094 marcescunt;
1273 3034 1374 3101 quum
1435 3062 1438 3070 ·

346 3125 558 3194 sacerdotalia
577 3135 786 3213 orna-menta,
802 3125 922 3214 quibus
952 3125 1053 3194 sacris
1085 3127 1241 3196 altaribus
1260 3129 1375 3197 deser-

347 3241 444 3325 vitur,
465 3262 551 3330 saepe
573 3263 600 3309 'a
629 3241 732 3310 linceis
762 3251 903 3309 comesta
936 3241 1156 3329 reperiantur.
1178 3242 1256 3323 Quae
1287 3245 1374 3311 enim

346 3353 429 3436 lora,
451 3375 524 3442 quae
545 3353 719 3422 tribunalia
738 3353 876 3422 inveniri
896 3365 1032 3440 possunt
1063 3354 1234 3424 abhatibus
1253 3358 1377 3425 vacua‘l

346 3467 424 3548 Quae
454 3468 545 3537 curia
582 3489 656 3558 quae
692 3468 811 3536 cubilia
846 3468 1033 3557 principum
1064 3469 1191 3538 ferratis
1221 3471 1374 3540 abbatum

345 3583 443 3670 virgis
462 3603 528 3650 non
546 3581 885 3671 aspiciunturell'ossa
905 3582 973 3671 (5p‘l
996 3606 1011 3649 ι

389 3695 482 3764 Foris
500 3695 655 3763 sedulitas
681 3707 736 3764 aut
754 3695 940 3779 contentio;
963 3695 1119 3784 superbia
1137 3707 1168 3765 et
1187 3699 1374 3788 arrogantia

375 3885 412 3950 (l)
429 3887 525 3950 Opusc.
539 3898 583 3950 nv,
598 3901 655 3951 cap.
667 3885 692 3936 2.

377 3967 414 4031 (2)
431 3967 526 4030 Opusc.
542 3978 618 4030 xn1x,
631 3981 687 4030 cap.
700 3965 741 4015 11.

376 4047 412 4111 (3)
427 4047 466 4098 De
477 4049 534 4097 otta
546 4047 575 4096 S.
589 4047 747 4109 Romuoldt,
759 4059 817 4110 cap.
829 4045 873 4098 al,

373 4129 410 4192 (4)
423 4128 519 4193 Opusc.
532 4141 580 4190 ιιι,
594 4143 619 4178 c.
630 4129 654 4178 4.
745 4155 749 4162 ·

374 4211 412 4274 (5)
428 4207 524 4273 Opusc.
536 4221 592 4272 xxi,
608 4208 647 4258 De
658 4207 726 4271 [oga
738 4206 916 4271 dignitatum,
928 4222 984 4273 cap.
996 4207 1020 4259 l.
