3116 5050
596 1549 744 1626 CAPUT
770 1549 845 1624 Vll.

210 2104 248 2154 De
261 2102 371 2154 Cadaloo
384 2101 504 2166 antipapa
521 2101 564 2166 qui
583 2105 609 2152 et
629 2101 759 2152 Honorius
775 2102 800 2152 ll
815 2105 989 2165 nuncupatur.
1003 2127 1031 2140 -
1046 2100 1174 2166 synodale
1192 2098 1239 2150 Ni-

239 2183 306 2234 colai
317 2183 341 2233 ll
359 2183 391 2232 de
413 2182 535 2249 eligendo
548 2182 671 2247 pontifice
682 2183 828 2236 decretum,
846 2211 877 2220 —
896 2182 1045 2232 Alexander
1064 2182 1088 2232 ll
1105 2181 1230 2236 canonice

238 2263 363 2314 Caladous
377 2266 465 2313 autem
478 2262 644 2313 schismatice
656 2263 763 2314 electus.
776 2291 806 2300 -
819 2262 859 2312 Ad
873 2263 943 2312 hunc
953 2263 1044 2313 scribit
1054 2261 1194 2312 Damianus
1205 2265 1234 2312 ut

237 2341 383 2406 resipiscat.
395 2341 533 2392 -Scribit
546 2345 572 2392 et
590 2342 622 2391 ad
633 2341 776 2392 Henricum
791 2341 825 2392 IV
841 2356 941 2408 regem.
957 2370 984 2379 -
998 2341 1075 2392 Liber
1089 2341 1131 2391 cui
1144 2341 1234 2391 titulus

237 2423 403 2487 Disceptatio
414 2423 563 2488 synodalis.
580 2451 600 2460 -
616 2423 759 2474 Damnatus
771 2423 798 2474 in
813 2423 965 2476 Osboriensi
976 2422 1087 2482 concilio
1099 2421 1233 2474 Cadalous.

253 2663 446 2733 Pontiticum
461 2664 574 2734 electio
594 2686 695 2754 penes
712 2665 911 2734 Tusculanos
930 2663 1094 2753 principes
1112 2663 1234 2732 diutius

206 2781 324 2849 iuerat.
346 2779 551 2870 Quapropter
570 2781 719 2864 Romani,
743 2792 779 2850 ut
798 2780 891 2849 istius
920 2779 1092 2870 patrocinii
1117 2779 1234 2869 jugum
1330 2849 1343 2870 ‚

208 2905 407 2980 excuterent,
444 2897 484 2964 ad
521 2897 697 2966 Heuricum
728 2897 772 2966 lll
797 2897 1028 2985 imperatorem
1051 2916 1235 2968 recurrere.

206 3013 326 3081 Mutata
345 3012 452 3080 solum
471 3013 660 3082 dominatio.
677 3013 837 3082 Heuricus
856 3012 944 3082 enim
963 3021 1137 3081 convocato
1148 3013 1234 3102 apud

206 3131 389 3202 Sutriacum
409 3131 546 3203 concilio
566 3130 693 3221 (nutu)
724 3129 931 3215 suidgerum,
952 3138 1049 3217 prout
1064 3128 1134 3218 jam
1152 3127 1234 3195 dixi-

206 3267 294 3328 mus,
325 3249 596 3338 Bamhergensem
629 3247 832 3336 episcopum,
853 3245 1024 3314 Clementis
1050 3245 1079 3312 ll
1103 3243 1234 3312 nomine

207 3364 246 3431 ad
268 3363 300 3432 S.
324 3362 439 3434 Sedem
465 3365 665 3433 evehendum
696 3362 832 3444 curavit,
854 3383 872 3429 a
892 3382 957 3451 quo
982 3361 1058 3428 dein
1095 3359 1235 3428 obtinuit

206 3487 243 3546 ut
271 3479 361 3547 nulla
379 3479 531 3570 deinceps
550 3499 760 3548 romanorum
789 3477 978 3568 pontificum
1001 3475 1115 3545 electio
1140 3475 1232 3543 lieret

203 3593 285 3682 quin
316 3596 356 3663 ab
386 3595 583 3686 imperatore
613 3595 877 3664 confirmaretur.
917 3593 1007 3662 Unde
1042 3594 1164 3661 lactum
1198 3603 1234 3660 ut

204 3707 354 3793 Romani,
372 3730 414 3779 ne
433 3731 498 3801 qua
517 3711 626 3780 forsan
645 3710 787 3778 oriretur
804 3710 978 3792 contentio,
995 3708 1232 3778 consecrandos

203 3825 371 3913 pontifices
396 3828 437 3896 ab
457 3828 528 3917 ipso
548 3827 928 3916 imperatorelpeterent.
950 3824 1001 3895 Sio
1022 3845 1040 3893 e
1059 3823 1232 3894 Germania

206 3942 268 4010 leo
288 3941 329 4010 lx
347 3951 378 4011 et
397 3943 553 4013 Victorii
573 3941 675 4012 missi.
1217 3946 1220 3952 '

246 4058 385 4128 Tristem
414 4059 499 4129 hanc
535 4057 685 4129 Ecclesiae
714 4058 901 4128 servitutem
931 4056 1130 4142 cardinales,
1162 4055 1233 4126 (lle-

204 4195 328 4264 rusque
359 4195 527 4259 romanus,
560 4175 593 4242 in
623 4173 738 4274 primis
768 4174 1008 4244 Hildebrandus
1034 4193 1233 4264 magnopere

205 4289 367 4361 dolebant.
408 4283 528 4374 Quare,
556 4291 710 4368 defuncto
744 4290 942 4380 imperatore
981 4289 1090 4381 (unul)
1115 4298 1232 4360 cuncta
