3110 5066
756 549 908 612 ..30-

267 679 270 684 '
315 679 395 749 dnm
426 679 630 751 auditoribus
656 692 855 773 praecaptum
884 693 994 752 orator
1023 683 1098 768 sibi,
1120 693 1156 753 ut
1175 685 1271 773 vulgo
1291 684 1343 768 lit,

315 794 706 888 exordiendoproponat:
728 818 798 866 rem
816 797 880 866 alin
893 799 991 868 modo
1011 799 1211 890 exsequitur.
1227 799 1346 868 liemo-

228 893 233 904 ’
317 918 388 978 rato
418 930 561 1000 namque
586 911 680 996 lesto,
701 911 893 1002 mysteriove
912 913 998 1002 quod
1024 933 1062 980 ea
1088 913 1160 1002 ipsa
1183 913 1235 982 die
1261 913 1346 982 cele·

317 1023 444 1107 bratur,
465 1023 575 1092 omnia
595 1024 732 1122 posthac
749 1024 854 1114 perito
873 1027 1015 1114 quodam
1035 1025 1172 1095 artificio
1190 1026 1345 1110 miscens,

316 1137 417 1210 libere
434 1139 642 1229 progreditur
654 1162 663 1224 ;
692 1149 816 1226 narrat,
845 1141 1059 1221 demonstrat,
1080 1140 1243 1224 hortatur,
1272 1161 1345 1210 cor-

316 1253 405 1344 ripit.

361 1369 484 1440 Uberes
504 1371 590 1460 apud
610 1391 685 1440 eum
711 1369 858 1461 variique
883 1369 1078 1460 eloquentiae
1101 1369 1230 1440 lentes:
1251 1391 1345 1440 sacra

216 1525 234 1584 .'
316 1485 438 1555 scilicet
466 1486 667 1576 profanaque
686 1485 835 1568 historia,
857 1487 1015 1575 legendae,
1031 1485 1198 1576 prodigia,
1220 1507 1342 1571 mores,

317 1609 437 1682 natura
469 1621 593 1687 rerum,
631 1623 760 1671 summa
788 1603 973 1690 dogmatum
1002 1580 1237 1690 sacrarumque
1261 1623 1347 1692 prae-

317 1716 431 1786 sertim
474 1717 715 1806 scripturarum
760 1716 916 1799 scientia;
968 1715 1115 1806 insuper,
1155 1717 1345 1802 fecundum,

321 1834 461 1918 feruens,
483 1854 558 1902 acre
586 1833 690 1922 ipsius
714 1833 852 1910 oratoris
872 1833 1051 1922 ingenium.
1087 1833 1198 1901 Patres
1235 1844 1346 1902 autem

318 1948 533 2038 Ecclesiaeque
565 1948 724 2031 doctores,
752 1949 873 2037 quibus
903 1959 1010 2016 umen
1032 1949 1213 2030 studuerat,
1239 1947 1348 2017 rarius

318 2063 478 2132 adhibuit,

364 2181 443 2249 lndo
460 2181 580 2271 duplex
603 2179 750 2249 Damiani
780 2179 972 2269 eloquentiae
998 2180 1125 2248 forma:
1153 2201 1227 2269 quae
1253 2161 1348 2248 'sum-

318 2317 451 2387 mopere
470 2297 644 2387 singularis
663 2306 694 2363 et
714 2295 801 2364 varia
819 2305 879 2364 est.

362 2413 605 2501 Nonnunquam
632 2433 651 2479 a
680 2413 821 2500 quodam
841 2411 1007 2479 exorditur
1030 2411 1203 2480 Sacrorum
1236 2411 1347 2479 Libro-

319 2550 395 2599 rum
413 2529 585 2611 versiculo,
602 2549 699 2617 quem
718 2527 834 2596 deinde
852 2535 1101 2610 commentatur,
1126 2526 1347 2594 recentiorum

320 2665 411 2714 more
430 2643 486 2734 (l).
508 2644 642 2716 Cautum
660 2643 740 2713 alias
759 2641 878 2711 dixeris
897 2640 1128 2730 triumphalem
1148 2641 1217 2731 (h);
1248 2641 1342 2724 alias,

255 2800 262 2808 ·
318 2760 429 2850 lepore
465 2761 632 2830 exordium
661 2769 709 2828 cst
746 2769 777 2827 et
805 2758 945 2848 quadam
984 2757 1154 2825 testivitate
1185 2757 1342 2846 plenum:

321 2901 336 2944 ι
370 2877 535 2946 Hodierna
577 2874 743 2958 festivitas,
792 2872 1005 2956 dilectissimi,
1045 2872 1204 2962 paschalis
1234 2873 1347 2961 gloriae

320 2991 464 3061 laetitiam
484 2991 627 3080 geminat
645 2999 688 3074 et,
710 2990 796 3058 velut
825 2988 967 3078 pretiosa
985 3009 1125 3077 gemma,
1149 3008 1268 3057 aurum
1294 2988 1348 3057 cui

321 3107 523 3198 imprimitur
559 3109 675 3175 decore
711 3103 836 3194 proprii
874 3104 1056 3194 splendoris
1086 3101 1236 3172 illustrat.
1267 3104 1349 3191 Apte

320 3223 476 3294 nimirum
495 3223 557 3291 hoc
574 3221 779 3312 potissimum
799 3231 944 3310 tempore
971 3219 1019 3308 (3)
1046 3219 1080 3288 Β.
1102 3217 1239 3307 Georgio
1268 3239 1348 3288 oon-

321 3356 449 3406 oessum
485 3344 534 3404 est
570 3331 785 3420 triumphare,
824 3332 955 3420 quando
993 3340 1155 3399 transacta
1199 3329 1347 3406 hiemalis

320 3446 527 3516 inclementia
545 3443 698 3527 turbinis,
724 3442 826 3512 austri
848 3441 958 3510 fomite
977 3442 1134 3525 resoluto,
1161 3443 1235 3510 laeta
1261 3451 1350 3511 terra

321 3563 471 3632 alacriter
502 3560 653 3652 parturit,
684 3568 715 3628 et
740 3557 991 3648 erumpentibus
1014 3556 1149 3626 diversis
1168 3557 1348 3626 herbarum

321 3689 419 3768 atque
449 3677 607 3746 arborum
637 3675 786 3757 lloribus,
817 3683 973 3763 tanquam
999 3672 1214 3756 adolescente,
1242 3681 1279 3740 ut
1305 3672 1349 3741 ita

321 3795 451 3884 loquar,
471 3801 566 3863 aetate
584 3789 745 3882 pubescit.
766 3789 879 3858 Merito
898 3788 998 3879 igitur
1016 3787 1113 3857 hodie
1133 3787 1220 3856 beati
1249 3787 1349 3878 hujus

251 4043 252 4046 ¹
353 4017 389 4083 (l)
405 4017 506 4068 Homel.
522 4027 570 4079 vu,
583 4015 616 4066 In
631 4013 776 4064 Dominica
786 4013 957 4076 palmarum.

354 4097 390 4163 (2)
405 4097 491 4148 Serm.
506 4109 543 4160 rx,
556 4096 595 4147 De
609 4093 840 4145 Annunca'uticne.
949 4160 952 4168 Ι

355 4179 394 4247 (3)
411 4179 459 4230 Die
471 4192 520 4242 sc,
532 4189 602 4230 xxnr
614 4175 689 4240 april.
