3116 5050
791 619 952 696 ,oc--

354 767 508 860 quaesibi
528 767 664 837 luissent
680 765 758 836 olim
777 765 924 856 polliciti,
941 763 992 833 sui
1011 761 1133 832 seilicet
1152 761 1262 831 obitus
1281 761 1382 845 diem,

354 885 438 974 apud
477 885 575 974 ipsos,
597 883 678 952 lusis
708 884 748 951 ad
778 883 876 950 deum
907 869 1071 969 precibus,
1101 880 1281 947 solemnem
1300 879 1380 947 lore.

353 995 441 1064 ldem
460 1013 492 1065 et
509 1018 528 1064 a
546 995 777 1066 casinensibus
796 993 947 1064 obtinuit.
967 1017 980 1057 ε
1004 991 1093 1066 Satis,
1105 991 1226 1080 quippe
1246 991 1380 1078 dignum

353 1121 385 1179 et
396 1113 568 1181 honestum
598 1112 692 1181 nohis
712 1111 849 1192 videtur,
869 1107 1037 1197 respondit
1059 1107 1246 1175 Desiderins
1266 1107 1379 1189 abhas,

353 1223 473 1311 quihus
504 1235 626 1293 tantam
654 1223 859 1292 dilectionem
889 1220 1062 1308 impendis,
1091 1228 1212 1287 tantam
1242 1220 1383 1287 benevo-

350 1338 484 1407 lentiam
512 1339 668 1419 ostendis‚
695 1338 815 1428 aliquid
848 1335 1064 1406 emolumenti
1093 1336 1324 1423 rependamus,
1346 1345 1382 1402 ut

351 1461 462 1543 quum‘
484 1454 528 1522 ita
556 1453 717 1543 inceperis
747 1472 858 1521 amare
887 1471 1016 1540 semper
1045 1452 1121 1518 dum
1141 1449 1270 1533 vixeris,
1291 1471 1383 1517 amor

236 1577 240 1584 '
350 1577 427 1636 tuns
447 1580 571 1637 crescat
589 1569 622 1636 in
642 1568 747 1651 nohis,
770 1567 848 1635 dum
867 1553 988 1656 aliciuid
1010 1565 1187 1635 devotionis
1206 1575 1238 1633 et
1259 1564 1379 1632 amoris

349 1692 470 1771 praeter
489 1683 654 1751 sohtuma
673 1681 767 1750 nohis
786 1694 817 1750 te
837 1702 949 1772 speras
980 1690 1242 1750 consecutumm.
1273 1679 1304 1748 Si
1324 1701 1381 1748 au-

350 1807 417 1865 tem
447 1797 547 1887 hujus
577 1807 698 1866 nostrae
729 1796 969 1886 pollicitationis
999 1795 1135 1863 violator
1155 1794 1308 1876 extiterit,
1329 1795 1378 1862 vel

349 1912 520 1981 nobiscum
551 1912 724 1981 viventium
753 1922 809 1980 aut
839 1911 1095 1994 succedentium,
1128 1921 1202 1978 ante
1236 1909 1379 1978 tribunal

349 2024 467 2093 Christi
485 2046 561 2094 reus
585 2024 686 2116 judici
707 2035 921 2113 praesentetur
941 2025 1004 2116 (1).
1031 2049 1045 2090 ι

394 2213 438 2280 lle
456 2212 568 2280 Fontis
582 2211 723 2280 duellam
743 2222 809 2280 tam
823 2213 922 2280 chara
943 2211 1004 2280 sihi
1017 2211 1190 2281 solitudine
1209 2211 1243 2279 in
1263 2212 1377 2300 primis

348 2336 418 2396 erat
443 2327 622 2395 sollicitus:
648 2353 664 2389 a
686 2327 777 2395 Unde
797 2337 840 2410 te,
862 2348 882 2394 o
901 2327 1003 2415 prior,
1024 2328 1222 2416 quicumque
1245 2327 1327 2394 mihi
1346 2327 1378 2393 in

348 2442 447 2530 hujus
477 2443 536 2510 loci
570 2443 849 2510 administratione
880 2443 1086 2526 successeris,
1115 2464 1173 2532 per
1203 2445 1375 2510 adventum

348 2557 476 2624 Domini
496 2557 599 2624 nostri
617 2558 694 2626 lesu
713 2559 842 2640 Christi,
864 2579 922 2647 per
942 2568 1087 2626 tenorem
1119 2558 1217 2626 divini
1245 2557 1375 2647 judicii,

348 2684 379 2740 te
397 2671 645 2740 lacrimabiliter
664 2673 811 2756 obsecro,
832 2683 868 2740 ut
887 2674 927 2740 ah
947 2673 1044 2763 hujus
1064 2674 1280 2756 observantia,
1302 2695 1374 2740 cum

346 2787 399 2855 his
418 2788 472 2876 qui
494 2787 552 2854 tibi
572 2787 692 2855 subditi
712 2789 833 2856 luerint
851 2808 917 2855 non
937 2788 1124 2872 declines,a
1143 2789 1228 2856 bono
1248 2791 1375 2856 tramite

345 2923 406 2991 per
434 2922 532 2991 quem
561 2901 596 2968 in
626 2903 688 2970 hoc
717 2903 788 2970 loco
814 2923 902 2971 nunc
939 2905 1112 2988 inceditur,
1135 2924 1201 2971 non
1228 2904 1372 2971 aberres.

347 3018 469 3085 Pudeat
495 3037 550 3084 vos
580 3017 620 3085 ah
649 3017 778 3086 illorum
810 3019 977 3087 nobilitate
1005 3019 1075 3087 fieri
1107 3022 1297 3108 degeneres,
1319 3019 1374 3108 qui

346 3129 420 3197 facti
441 3128 516 3197 estis
535 3128 720 3197 habitaculo
741 3151 944 3198 successores
963 3130 1017 3216 (1).
1043 3155 1057 3196 ι
1262 3130 1268 3144 ”

327 3399 332 3408 ¹
390 3316 544 3402 Agnetem
577 3335 707 3403 quoque
736 3315 989 3403 imperatricem,
1021 3319 1191 3405 usquead
1224 3317 1374 3384 ultimum

346 3428 418 3495 vitae
437 3429 535 3512 diem,
557 3441 666 3497 sancta
686 3431 842 3498 charitate
862 3431 980 3499 dilexit.
1003 3431 1080 3511 Quae
1105 3453 1206 3520 quum
1234 3433 1268 3499 in
1296 3432 1374 3500 Ger·

345 3545 486 3610 maniam
519 3545 610 3613 abire
647 3548 852 3628 decrevisset,
892 3547 1117 3635 proficiscendi
1159 3550 1322 3616 licentiam
1355 3550 1373 3616 a

344 3660 501 3728 Damiano
531 3662 682 3728 obtinuit.
723 3662 804 3730 Eum
842 3683 918 3730 vero
961 3664 1049 3731 brevi
1082 3665 1245 3752 poenituit,
1278 3665 1371 3753 quasi

373 3845 409 3909 (l)
425 3845 590 3895 Desiderium
623 3845 710 3896 Casini
730 3847 827 3897 montis
851 3848 980 3912 abbatem,
1004 3848 1210 3912 casinensesque
1233 3849 1374 3899 Damianus

342 3939 509 3988 summopere
527 3925 669 3990 diligebam
684 3939 748 3989 quos
768 3928 862 3991 saepius
881 3928 978 3978 invisit.
1002 3929 1039 3978 Cf.
1058 3929 1091 3978 B.
1113 3929 1190 3978 Petri
1204 3930 1285 3980 Dum.
1303 3931 1374 3994 Vita,

342 4017 399 4068 cap.
410 4003 450 4054 20.
463 4030 494 4041 -
505 4004 632 4068 Damion,
647 4005 762 4068 epistolae
777 4018 806 4071 ιι,
818 4007 858 4071 11,
872 4007 912 4072 ta,
925 4007 965 4072 13,
979 4009 1216 4084 dol-Desidera'am.
1227 4037 1257 4048 -
1269 4009 1366 4077 Opuse.

341 4096 544 4212 xcaxmzxxxvn,
557 4085 602 4135 Ad
615 4087 705 4136 Deoua.
718 4085 826 4168 quaque
838 4088 965 4139 monach.
975 4116 1007 4126 -
1017 4089 1138 4142 chronic.
1152 4091 1252 4155 casim,
1266 4091 1313 4144 lib.
1326 4105 1370 4157 ιιι,

374 4177 413 4307 ξι)
428 4242 522 4306 opusc.
537 4255 591 4308 xiv,
604 4244 644 4294 De
657 4245 752 4296 ordine
765 4247 941 4300 eremitarum
951 4248 1049 4301 Bootis
1060 4251 1199 4304 Avcllont.
