3116 5050
544 675 545 678 ’
661 709 700 720 -
722 672 761 735 73
781 709 821 720 -

228 806 440 894 comes,„loci
466 805 630 890 fundator,
652 806 733 874 nihil
761 807 915 896 cuiquam
934 807 995 890 rei,
1017 807 1079 875 nisi
1111 807 1256 876 Romano

228 921 386 1004 Pontifici,
419 921 453 988 in
489 923 687 990 monasterio
722 914 868 992 futurum
908 933 1074 991 statuerat.
1114 922 1258 1010 lusignia
1341 961 1364 971 „

228 1057 359 1127 quoque
378 1039 460 1105 lecta
490 1037 669 1126 privilegia,
691 1038 785 1126 queis
806 1038 837 1106 S.
861 1037 1033 1106 Pontifices
1065 1049 1255 1126 perpetuam

229 1153 369 1221 coenobii
409 1152 593 1221 libertatem
624 1153 872 1222 confirmabant.
901 1155 982 1220 Tum
1016 1152 1119 1240 rogati
1149 1153 1258 1222 Patres

228 1289 308 1336 num
338 1268 393 1336 illa
412 1268 580 1358 privilegia
599 1279 676 1336 rata.
688 1270 912 1353 decernerent,
935 1279 1005 1336 rata
1035 1279 1258 1358 perpetuoque

228 1386 408 1453 servanda
432 1384 688 1453 conclamarunt.
720 1383 810 1464 Quod
847 1384 938 1474 quasi
978 1404 1043 1452 non
1081 1383 1255 1468 sufficeret,

228 1499 349 1567 viritim
390 1490 618 1589 unusquisque
655 1500 848 1578 consulitur,
880 1502 1016 1589 ipseque
1059 1499 1258 1569 Matiscensis

229 1611 431 1702 inquiritur3
467 1614 522 1702 qui
568 1611 737 1696 nimirum,
777 1632 842 1679 non
879 1611 988 1679 minus
1021 1633 1119 1700 quam
1150 1612 1259 1680 caeteri
1351 1644 1355 1652 ·

230 1727 388 1818 episcopi,
410 1739 480 1796 rata
499 1727 668 1817 privilegia
692 1738 724 1796 et
742 1726 919 1794 inviolabili
939 1748 976 1794 ac
1002 1737 1160 1816 perpetuo
1184 1727 1259 1815 jure

231 1845 400 1926 servanda,
426 1843 539 1928 libere,
572 1843 696 1911 cunctis
726 1842 946 1926 audientibus,
968 1841 1152 1930 profitetur.
1174 1843 1260 1910 Tan·

232 1959 317 2040 dem,
348 1957 529 2046 Evangeliis
565 1957 716 2047 imposita
759 1977 883 2025 manu:
925 1982 938 2022 a
973 1957 1101 2040 Audiat,
1140 1957 1258 2050 iuquit,
1328 1954 1330 1960 ’

232 2073 375 2141 Domnus
401 2073 527 2156 Petrus,
556 2073 710 2142 Ostiensis
739 2074 923 2164 episcopus,
949 2084 981 2142 et
1013 2075 1119 2142 omnis
1150 2083 1261 2141 sancta

232 2189 384 2278 synodus,
406 2188 484 2278 quia
510 2210 548 2257 eo
568 2188 697 2278 diequo
717 2188 905 2257 Cloniacum
923 2199 1104 2257 commotus
1129 2190 1256 2271 adveni,

233 2303 353 2370 nonin
380 2314 566 2392 contemptu
593 2303 659 2372 sive
688 2293 843 2392 despectu
870 2303 960 2373 Sedis
987 2303 1190 2392 Apostolicae,
1212 2304 1262 2371 vel

233 2415 348 2483 Ilomni
381 2415 550 2483 Alexandri
588 2415 750 2506 pontificis
788 2417 849 2484 boc
879 2416 942 2504 egi,
964 2427 996 2484 et
1015 2415 1260 2504 privilegiorum

234 2540 380 2598 tenorem
401 2552 439 2599 ac
471 2530 602 2614 seriem,
623 2553 697 2620 quae
717 2532 813 2599 modo
832 2531 865 2598 in
884 2531 1005 2600 nostris
1025 2531 1160 2599 auribus
1179 2531 1262 2598 lecta
1306 2621 1309 2627 Α

234 2653 321 2724 sunt,
343 2663 409 2711 non
430 2643 587 2733 cognovi3
615 2645 661 2713 sic
686 2664 739 2712 me
758 2645 842 2712 [leus
862 2644 989 2733 adjuvet
1010 2653 1043 2712 el
1072 2643 1133 2711 ista
1152 2648 1264 2712 sancta

235 2757 459 2848 Evangelia.»
666 2845 667 2848 Ἴ

280 2872 367 2941 lllico
386 2873 540 2962 praelatus
560 2874 757 2943 Matiscensis
777 2875 961 2964 episcopus,
976 2873 1158 2963 pavimento
1173 2894 1264 2963 pros·

235 2998 350 3070 tratus,
383 2988 509 3056 veniam
539 2989 653 3080 petiit;
686 3011 786 3079 seque
806 3010 955 3078 peccasse
985 2989 1164 3071 confessus,
1189 3009 1263 3077 sep-

235 3115 299 3171 tem
320 3103 447 3172 dierum
466 3103 702 3193 poenitentiam,
724 3105 757 3171 in
776 3125 860 3193 pane
886 3115 917 3172 et
936 3125 1021 3194 aqua
1035 3103 1260 3194 jejunaturus,

234 3218 359 3308 accepit
379 3219 436 3308 (l).

280 3456 326 3524 lta
357 3455 397 3523 lis
426 3455 668 3526 cluniacensem
694 3457 844 3526 abbatem
875 3455 960 3524 inter
985 3467 1017 3523 et
1048 3453 1263 3522 Matisconen-

235 3591 303 3638 sem
323 3571 495 3661 epicopum
515 3571 702 3662 composita.
725 3571 781 3640 Sui
812 3569 968 3638 Damiano
988 3568 1108 3652 obitus,
1129 3578 1265 3657 quotan-
1352 3621 1354 3626 .

237 3685 287 3753 uis
317 3686 351 3752 in
377 3695 584 3776 perpetuum,
606 3707 640 3754 se
667 3685 858 3755 memoriam
883 3685 1105 3753 celebraturos
1134 3683 1264 3752 Clunia·

235 3821 349 3870 censes
368 3801 559 3890 promisere.
584 3825 598 3868 ‹
622 3800 679 3870 Cui
699 3812 776 3869 tunc
795 3800 962 3890 sponsioni
982 3809 1014 3868 et
1033 3799 1095 3868 hoc
1115 3798 1262 3866 additum

236 3925 285 3984 est
315 3927 351 3984 ut
379 3936 483 3984 unum
513 3916 584 3986 sine
621 3915 863 3984 intermissione
895 3935 955 4005 pro
992 3934 1044 3982 me
1085 3933 1263 4002 pauperem

237 4043 269 4100 et
287 4032 449 4102 alimentis
478 4032 628 4102 simulet
657 4032 856 4102 indumentis
878 4031 1001 4120 jugiter
1032 4038 1261 4123 sustentarent.

266 4299 303 4366 <o
319 4299 468 4369 summio
479 4302 612 4368 annam.
