3110 5066
616 1396 763 1502 clrur
795 1425 857 1502 ιιι.

231 1923 372 1977 Damianos
383 1939 479 1992 marna
489 1927 544 1990 jam
555 1926 623 1992 apud
635 1927 772 1978 seculares
782 1927 923 1994 principos,
935 1942 1103 1994 summosque
1114 1926 1251 1995 pontifices

260 2005 413 2056 auctoritate
427 2005 504 2056 valet.
516 2005 579 2069 Eius
590 2005 698 2069 epistola
708 2005 742 2056 ad
754 2005 909 2072 Gregorium
919 2007 963 2072 VI,
977 2007 1010 2059 de
1022 2009 1139 2060 moribus
1150 2010 1250 2074 episcc-

256 2099 360 2150 porum.
376 2114 398 2124 -
417 2085 580 2138 Clementem
597 2087 621 2137 ll
635 2087 668 2137 ad
683 2088 896 2139 reformationem
913 2089 1038 2140 hortatur.
1059 2119 1087 2128 -
1106 2091 1185 2142 Liber
1199 2091 1251 2142 Go-

253 2165 441 2228 morrhiuuus,
453 2163 599 2231 Leonisque
611 2167 646 2218 Ili
654 2167 799 2232 responsio.
812 2195 840 2207 -
853 2167 932 2220 Liber
944 2167 1130 2221 Gratissimua.
1140 2197 1173 2208 -
1183 2169 1250 2222 Con·

253 2246 321 2298 ciliis
333 2246 474 2298 Damianos
486 2247 604 2299 interest.

267 2453 414 2542 Magnam
445 2451 593 2521 doctrina
621 2451 747 2537 Petrus,
781 2451 919 2542 vitaeque
958 2452 1138 2538 sanctitate,
1189 2473 1249 2543 per

225 2575 327 2636 lotam
359 2567 461 2634 lerme
491 2565 629 2649 ltaliam,
662 2564 843 2655 praesertim
867 2564 1165 2655 septentrionalem,
1198 2566 1248 2635 la·

219 2701 309 2750 mam
335 2691 405 2750 crat
429 2682 586 2771 adeptus;
613 2680 819 2771 maximaque
841 2681 909 2771 jam
942 2680 1132 2751 auctoritate
1162 2683 1248 2751 vale·

218 2796 286 2865 bat.
802 2879 804 2882 Ι

263 2913 355 2982 Anno
381 2930 492 2996 ιιιιιιιι,
524 2921 694 3002 postquam
728 2921 795 2980 tres
827 2910 925 2981 simul
953 2911 1247 3001 pseudopontifices

218 3027 398 3097 Romanam
417 3027 593 3098 Ecclesiam
611 3025 808 3111 invaserant,
840 3026 1016 3116 Gregorius
1045 3028 1176 3096 tandem
1204 3027 1244 3096 Vl

216 3139 361 3229 pontifex
383 3150 511 3209 creatus
541 3149 601 3208 est.
633 3141 678 3208 ld
710 3159 807 3228 quem
838 3139 955 3228 duplex
985 3149 1068 3207 extat
1097 3139 1245 3208 Damiani

217 3255 353 3344 epistola
375 3276 460 3346 quae,
482 3253 572 3324 omni
590 3253 760 3323 deficiente
785 3255 992 3334 documento,
1025 3254 1104 3338 sula,
1132 3235 1243 3344 judice

215 3370 367 3456 Baronio,
402 3371 542 3440 sufficiat
570 3381 607 3439 ut
637 3369 819 3459 legitimum
838 3370 1025 3461 pontificem
1044 3370 1144 3439 luisse
1162 3368 1243 3438 Gre-

214 3485 344 3575 gorium
362 3487 586 3556 concludatur.
610 3510 627 3550 o
651 3485 723 3572 Non
741 3485 829 3554 enim
848 3485 1007 3575 ejusmodi
1037 3484 1098 3554 luit
1127 3485 1242 3553 Petrus

217 3601 364 3670 Damiani
383 3603 440 3693 qui
458 3603 551 3672 vellet
570 3602 640 3669 haec
659 3601 804 3670 scribens
824 3601 961 3690 turpiter
979 3600 1105 3669 adulari
1134 3599 1242 3690 ponti·

214 3717 287 3802 fici3
313 3739 389 3788 nam
408 3729 588 3788 exastuans
607 3718 676 3787 zelo
707 3717 932 3786 ecclesiastica
961 3715 1152 3805 disciplinae,
1183 3736 1242 3784 ne·

214 3833 296 3900 mini
315 3853 450 3923 parcere
468 3833 568 3918 novit,
601 3832 683 3922 quin
713 3831 922 3901 acerbissime
953 3829 1100 3920 arguerit
1127 3849 1241 3921 quem·

216 3969 356 4040 cumque
375 3949 472 4020 sciret
490 3949 597 4019 eidem
615 3949 838 4017 adversantem
858 3947 919 4037 (l).
943 3971 960 4012 a

246 4188 284 4255 (l)
300 4187 405 4252 Boron„
417 4187 523 4240 Annei.
534 4187 638 4249 eccles..
652 4185 686 4237 ad
696 4198 758 4237 ann.
769 4183 842 4236 loll.
931 4261 933 4264 Ι
