3116 5050
668 566 829 630 ,6)-

234 698 458 789 praecidendos
494 719 560 768 non
596 699 698 768 aciem
736 677 829 785 ferri,
860 702 916 770 sed
944 701 1059 771 falcem
1085 699 1261 770 exacuebat

237 814 356 905 eloquii
374 815 431 902 (1).
457 838 472 881 a

280 931 438 999 Caeterum
469 930 631 1020 plerique,
664 952 767 1021 quum
798 930 1021 1021 episcopatum
1051 930 1258 1014 coemissent,

233 1045 405 1117 inferiores
422 1066 538 1116 rursus
557 1045 705 1115 Ecclesiae
723 1046 895 1136 dignitates
914 1046 1115 1116 vendebant:
1154 1046 1157 1052 '

728 1249 824 1300 omme
835 1250 974 1314 episcopua
985 1249 1060 1300 urbia

375 1331 470 1383 Plebea
483 1330 624 1394 vendebat,
636 1344 703 1394 quos
716 1329 767 1381 sub
777 1345 806 1382 se
820 1334 933 1395 quiaque
943 1332 1050 1396 repebat
1060 1330 1105 1395 (2).

280 1544 433 1614 Nonnulli
454 1544 605 1634 indignos
624 1547 807 1615 sacerdotes
838 1547 1012 1631 audebant,
1046 1555 1178 1636 accepta
1207 1566 1261 1634 pe·

236 1660 344 1743 cunia,
364 1659 398 1727 in
418 1660 524 1729 officio
542 1659 707 1744 retinere;
729 1662 894 1729 tradentes
926 1685 940 1726 r
977 1673 1131 1750 tanquam
1161 1659 1261 1729 ludas

236 1772 406 1840 lscariotes
425 1771 535 1862 impiis
555 1771 707 1846 manibus
726 1773 935 1859 Salvatorem,
955 1786 1091 1864 propter
1108 1775 1179 1843 vilis
1204 1795 1261 1863 pe·

236 1887 341 1956 cuniae
360 1888 573 1978 quantitatem
594 1887 656 1977 (3).
680 1915 697 1954 »

282 2003 339 2072 llis
358 2013 443 2073 certe
463 2025 572 2073 mores
602 2005 801 2073 reformandi
834 2025 940 2094 neque
972 2005 1147 2075 auctoritas
1178 2019 1260 2092 erat,

237 2140 344 2207 neque
362 2120 519 2188 voluntas.
542 2120 633 2188 Unde
653 2120 837 2209 corrigendi
856 2132 930 2188 ante
961 2140 1073 2189 omnes
1103 2122 1260 2211 episcopi.

237 2233 450 2303 Persuasione
474 2236 563 2303 nulla
594 2256 680 2324 spes,
713 2257 816 2325 quum
846 2236 926 2318 adeo
956 2237 1058 2304 durus
1089 2237 1261 2328 episcopus

236 2351 289 2434 sit,
312 2361 347 2419 ut
372 2351 420 2419 vel
445 2353 578 2420 ludaeus
605 2353 643 2420 ad
668 2353 770 2420 lleum
802 2351 928 2420 facilius
959 2363 1165 2422 convertatur
1197 2354 1258 2444 (ll).

236 2467 348 2556 Ne'que
367 2467 470 2555 magis
490 2469 720 2556 expectandum
741 2470 843 2536 donec
862 2468 1044 2556 episcopale
1074 2469 1259 2559 collegium,

236 2582 393 2672 temporis
411 2584 516 2673 lapsu,
534 2594 707 2652 renouetur
722 2606 730 2667 ;
746 2585 885 2673 optimus
898 2584 984 2652 enim
1002 2585 1152 2675 quisque,
1165 2586 1262 2655 simul

235 2717 273 2764 ac
309 2695 345 2763 fit
381 2697 564 2786 episcopus,
605 2697 766 2786 pessimus
803 2708 873 2766 est:
920 2724 934 2764 c
967 2718 1063 2766 omne
1093 2701 1179 2787 quod
1210 2699 1263 2787 pie

235 2810 380 2879 vixerant
404 2811 640 2880 obliviscuntur
654 2834 663 2895 ;
697 2822 727 2880 et
758 2813 1002 2881 decurrentium
1036 2833 1126 2881 more
1156 2813 1263 2880 llumi-

234 2946 313 2993 num
333 2926 373 2993 ad
393 2925 459 2993 ima
478 2926 601 3016 absque
632 2927 699 2994 ullo
737 2926 928 2995 retentionis
960 2927 1126 2996 obstaculo
1153 2929 1261 2995 devol-

234 3051 355 3110 vuntur
375 3039 475 3132 (5).»

280 3157 317 3224 ln
336 3158 405 3226 solo
429 3157 582 3247 pontifice
612 3158 711 3227 salus.
733 3157 850 3244 Quare
885 3179 951 3226 non
984 3159 1108 3227 dubitat
1139 3159 1260 3248 passim

234 3274 459 3342 demonstrare
478 3273 653 3342 Damianus
672 3295 822 3363 quaenam
842 3296 935 3364 papae
954 3277 1079 3363 agenda
1098 3275 1174 3343 sint.

278 3387 315 3454 l⁰
334 3389 456 3457 Cuncta
474 3388 599 3457 noverit
617 3409 749 3458 necesse
775 3405 835 3458 est.
873 3417 887 3458 c
921 3391 1002 3458 lllud
1034 3400 1142 3486 autem
1172 3392 1259 3479 quod

234 3503 376 3572 dicitur:
410 3505 481 3572 Note
517 3505 609 3572 licere
645 3507 815 3596 cujuslibet
844 3507 978 3575 ecclesio
1003 3507 1112 3594 filium
1133 3507 1263 3595 proprii

233 3629 342 3688 reatos
377 3621 516 3710 episcopi
551 3628 580 3688 ct
616 3642 753 3710 qouque,
782 3631 858 3690 scot
889 3623 1077 3711 macipando
1106 3623 1259 3709 conferre,

267 3877 304 3941 (1)
320 3878 416 3950 Opnsc.
428 3889 502 3942 mr,
515 3891 571 3942 cap.
583 3877 608 3927 5.

263 3957 300 4021 (9)
317 3959 422 4023 Donizo,
441 3958 501 4009 Vita
512 3958 668 4021 Mctbildia,
682 3973 738 4023 cap.
757 3971 801 4023 xv,
816 3973 857 4023 ap.
873 3973 961 4011 rerum
979 3958 1070 4011 Italic..
1083 3959 1181 4024 script,
1197 3963 1215 4010 t.
1229 3959 1259 4012 V.

262 4040 300 4102 (3)
316 4040 409 4103 Opusc.
426 4051 499 4102 xxvr,
517 4038 618 4090 Contra
629 4039 731 4104 irascit,
747 4054 803 4103 cap.
818 4039 842 4090 l.

265 4121 300 4181 (l)
316 4121 386 4170 Petri
399 4121 483 4184 llam,
498 4121 537 4171 De
552 4121 614 4172 Vc'to
623 4121 652 4170 S.
667 4119 823 4184 Romuuldc',
837 4134 893 4185 cap.
907 4119 949 4172 35.

202 4203 204 4208 “
263 4201 299 4264 (5)
317 4201 386 4272 ¹Petri
400 4204 486 4264 Dam,
500 4215 587 4252 sermo
598 4213 625 4261 v,
637 4201 677 4252 De
690 4199 719 4252 S.
732 4200 840 4251 Severo.
