3110 5066
648 603 678 612 -
702 569 720 630 5
741 601 782 614 ..

196 697 338 766 vestibus
356 696 498 767 cilicium
516 697 633 783 induit,
651 698 797 790 jejuniis,
819 700 936 790 vigiliis
964 711 995 770 et
1019 701 1221 772 orationibus

195 815 333 883 solerter
352 813 477 882 institit.
501 814 538 882 Et
551 816 638 904 quia,
655 817 778 884 calente
789 815 934 905 juventa,
950 817 1089 886 stimulis
1104 817 1221 887 aeriter

195 927 374 1015 urgebatur
392 925 589 1010 carnalibus,
612 927 727 996 mediis
747 927 896 996 noctibus
916 949 933 997 e
960 938 1059 998 strato
1089 949 1221 998 consur-

194 1062 285 1131 gens,
306 1041 400 1132 aquis
418 1063 453 1110 se
471 1042 656 1112 fluvialibus
681 1043 905 1132 immergebat,
940 1045 972 1112 in
1006 1025 1125 1134 quibui
1155 1057 1221 1114 tem

194 1158 251 1226 diu
289 1159 377 1227 nudo
408 1159 559 1239 manebat
590 1167 738 1248 corpore,
771 1160 873 1228 donee
904 1159 1044 1248 algentia
1074 1161 1221 1231 membra

197 1273 341 1362 rigerent
359 1272 459 1362 (1).»
522 1353 526 1360 Ι
857 1341 859 1345 .

238 1388 304 1458 Nee
322 1386 431 1456 minus
450 1387 576 1456 interea
594 1383 704 1457 multis
724 1388 847 1458 donare
858 1409 1032 1478 pauperet
1047 1388 1167 1479 quibus
1180 1391 1220 1458 ad

195 1523 341 1572 mensam
373 1501 492 1592 saepius
523 1503 698 1587 accersitiS,
734 1512 888 1593 tanquam
917 1503 1045 1574 Christo
1078 1504 1221 1594 propriis

195 1618 346 1688 manibus
366 1619 553 1688 ministrare
571 1619 756 1708 gaudebat.
788 1618 894 1698 Quum
925 1629 1033 1688 autem
1060 1618 1162 1708 magis
1188 1620 1222 1688 in

195 1735 264 1804 dies
283 1735 420 1804 caducas
439 1755 492 1802 res
511 1735 714 1818 abhorreret,
736 1735 915 1803 monachus
933 1733 1005 1804 fieri
1024 1735 1164 1803 decrevit
1175 1745 1218 1820 et,

192 1847 303 1917 inseiis
321 1847 485 1930 omnibus,
507 1849 546 1916 ad
566 1847 677 1916 Fontis
697 1847 837 1916 Avellani
856 1846 901 1936 (ἓ)
930 1846 1163 1916 monasterium
1185 1867 1220 1915 se

191 1963 325 2053 recepit,
348 1984 450 2032 annos
468 1962 597 2032 circiter
617 1963 757 2052 trigente
775 1939 882 2031 natue.
935 2021 936 2024 ,

225 2199 263 2264 (1)
285 2197 347 2250 Vita
358 2198 391 2250 B.
407 2199 483 2250 Petri
491 2199 583 2262 Dum,
596 2212 653 2264 cap.
666 2211 697 2250 11.

224 2279 261 2346 (2)
277 2279 383 2346 Legitur
393 2279 460 2344 apud
475 2280 560 2330 varios
572 2278 644 2329 Ferte
658 2277 794 2339 Avellarti,
807 2276 880 2327 Fons
893 2276 1043 2340 mellente,
1056 2275 1129 2326 Fons
1142 2276 1222 2326 Avel-

192 2361 281 2412 lenue.
299 2361 371 2410 Fene
386 2359 515 2411 Aveltaei
532 2359 564 2410 ab
581 2359 637 2422 ipso
658 2356 792 2420 Damiano,
816 2369 905 2420 opusc.
927 2367 973 2405 xrr
991 2355 1130 2418 scribitur3
1148 2356 1223 2406 eFr.

189 2441 339 2504 Petrareha,
353 2441 392 2490 De
403 2441 459 2490 vita
471 2440 605 2502 solitaria,
618 2439 663 2489 lib.
678 2449 707 2500 11,
720 2440 783 2488 sect.
798 2448 838 2500 111,
851 2449 909 2500 cap.
921 2435 972 2500 17„
986 2436 1058 2487 Forte
1070 2436 1221 2488 Avellanoe.
