3116 5050
764 633 923 696 ..48-

329 780 405 838 sunt
442 789 597 858 reparare
617 768 734 838 moliti.
755 769 832 838 Post
859 768 1018 838 Victorem
1049 767 1090 852 ll,
1112 767 1295 857 Stephanus
1315 767 1357 835 lll

330 884 466 972 (nnvn);
489 894 563 974 post
580 885 793 974 Stephanum,
808 885 961 954 Niccleus
989 883 1017 952 ll
1036 884 1168 972 (urunt)
1200 882 1357 952 canonice

327 1000 434 1070 electi.
457 1001 559 1070 Petita
577 1011 704 1070 tantum
722 1000 889 1070 electionis
908 1001 949 1069 ab
968 999 1175 1088 imperatrice
1194 999 1330 1069 sanctio.

373 1114 526 1184 Nicolaus
546 1126 668 1200 autem,
691 1125 823 1183 auctore
842 1115 1074 1198 Hildehrando,
1095 1133 1138 1181 ne
1163 1133 1217 1182 res
1242 1123 1358 1202 postea

327 1229 362 1298 in
387 1230 558 1319 pristinam
578 1229 798 1299 conditionem
827 1231 934 1299 denuo
954 1231 1153 1313 laberentur,
1180 1228 1357 1297 concilium

327 1345 440 1414 Romae
457 1345 492 1412 in
510 1345 720 1414 Lateranensi
740 1345 858 1435 palatio
878 1344 999 1432 phahnit
1017 1344 1125 1434 (april.
1147 1343 1263 1430 nnrx);
1297 1341 1358 1408 ihi-

327 1479 391 1548 que
412 1463 578 1528 decretum
598 1469 663 1528 uta
685 1457 720 1527 in
751 1459 866 1548 primis
895 1459 1076 1527 cardinales
1105 1456 1249 1547 episcopi
1280 1455 1356 1524 dili-

327 1574 516 1663 gentissime
554 1575 650 1644 simul
687 1577 727 1644 de
765 1574 921 1643 electione
958 1583 1145 1657 tractantes,
1185 1593 1261 1640 mox
1292 1571 1355 1660 ipsi

327 1691 462 1760 clericos
498 1691 678 1761 cardinales
707 1690 907 1774 adhiheaut3
935 1690 1047 1780 sicque
1069 1687 1217 1778 reliquus
1247 1687 1355 1755 clerus

326 1816 359 1875 et
385 1808 526 1896 pupulus
541 1808 596 1888 ¹ad
628 1827 823 1875 consensum
854 1827 945 1874 novae
974 1805 1140 1874 electionis
1177 1804 1351 1872 accedat...

327 1918 418 1988 Salvo
449 1919 558 1988 debito
594 1920 719 1988 honore
751 1931 784 1988 ct
815 1919 997 1988 reverentia
1025 1917 1134 1988 dilecti
1162 1917 1220 1984 lilii
1250 1915 1355 1984 nostri

221 2016 225 2026 ¹
327 2035 500 2105 Henrici...
521 2036 610 2125 Sicut
624 2036 692 2126 Jam
711 2036 773 2104 sihi
804 2035 1023 2105 concessimus
1050 2046 1082 2104 et
1111 2033 1356 2104 successorihus

264 2131 277 2144 ’
326 2149 414 2219 illius
432 2151 489 2241 qui
509 2152 549 2220 ah
568 2152 749 2242 hpostclica
768 2151 848 2221 Sede
867 2151 1081 2241 personaliter
1094 2151 1156 2219 hoc
1170 2149 1226 2238 jus
1250 2149 1355 2236 impe·

326 2267 493 2336 traverint.
530 2290 544 2332 r
580 2267 739 2337 Terribile
775 2269 876 2336 latum
915 2281 1029 2338 contra
1060 2265 1228 2336 decretalis
1254 2263 1355 2354 hujus

327 2383 496 2451 sentcntiae
515 2393 726 2451 temeratores
745 2382 918 2451 anathema
937 2382 998 2472 tl).

372 2605 498 2674 Mortuo
534 2605 666 2676 Nicolao
704 2605 824 2695 (num),
862 2603 975 2674 scissio
1018 2605 1111 2673 facta.
1150 2601 1355 2692 Quicumque

326 2719 464 2790 liberam
512 2719 701 2801 Ecclesiam,
740 2719 998 2807 reformatosque
1038 2739 1147 2786 mores
1187 2719 1352 2801 volebant,

321 2855 387 2924 pro
413 2834 592 2904 canonibus
615 2824 754 2917 stetere,
787 2832 962 2902 Simoniaci
988 2843 1095 2902 autern
1120 2844 1151 2901 ct
1173 2832 1351 2915 Nicolaitae,

331 2969 391 3038 pro
411 2947 563 3036 imperio.
585 2947 730 3016 Schisma
748 2947 783 3015 in
801 2945 1025 3036 Longohardia
1043 2957 1163 3015 crtum.
1186 2946 1266 3015 Nam
1293 2946 1355 3015 hu·

324 3063 418 3154 juscc
437 3063 581 3154 regionis
600 3063 755 3152 episcopi,
777 3073 888 3152 utpote
907 3062 964 3152 qui
983 3083 1096 3131 omnes
1121 3062 1225 3132 ferme
1253 3061 1354 3131 simo·

326 3179 413 3249 niaci
445 3179 707 3249 concubinariive
738 3179 857 3260 iurent,
890 3179 1064 3269 instigante
1094 3178 1249 3249 Guiherto
1275 3179 1353 3247 Par-

326 3295 442 3379 mensi,
463 3295 594 3384 imperii
614 3295 817 3377 cancellario,
839 3294 873 3362 in
892 3297 1050 3386 synodum
1073 3317 1148 3386 cnm
1171 3297 1352 3366 innumeris

327 3410 453 3480 clericis
490 3410 688 3500 congregati,
717 3412 930 3479 decreverunt
959 3412 1086 3481 nullum
1106 3433 1140 3480 se
1165 3412 1352 3502 pontificem

327 3524 391 3592 nisi
409 3546 447 3593 ex
465 3524 558 3613 ipsis,
579 3525 613 3594 in
642 3525 709 3607 illo,
731 3536 767 3594 ut
797 3525 937 3609 aiebant,
960 3526 1060 3595 ltaliae
1086 3529 1235 3616 paradiso
1264 3529 1350 3597 elec·

327 3649 409 3724 turn,
431 3648 632 3728 recepturos.
654 3637 741 3706 Missi
770 3648 840 3706 tum
868 3639 906 3707 ad
926 3640 1082 3728 Agnetem
1110 3639 1351 3730 imperatricem

327 3755 436 3844 legati,
464 3754 521 3844 qui
551 3753 680 3845 imperii
704 3754 781 3844 jura
806 3753 840 3821 in
859 3753 1007 3842 eligendo
1035 3755 1188 3825 Pontifice
1225 3758 1353 3846 procla-

327 3879 465 3937 marent.

371 3983 488 4053 Missus
506 3986 581 4054 eta
610 3983 764 4052 Romanis
790 3983 972 4072 Stephanus
1003 3985 1191 4072 cardinalis,
1219 3986 1278 4084 ’qui
1311 3987 1352 4056 ah

358 4190 393 4256 (l)
408 4189 543 4254 Baracum,
558 4191 661 4240 Anncl.
681 4190 783 4250 eccles,
796 4188 1026 4254 adann.1059,n⁰
1039 4187 1079 4241 25.
1098 4217 1126 4226 -
1144 4189 1236 4256 Colcti,
1255 4190 1353 4244 Sacro·

327 4277 424 4324 cancta
436 4271 566 4336 Gcocclic,
578 4275 597 4323 t.
609 4271 666 4335 llll,
676 4285 702 4336 p.
714 4271 755 4322 50.
767 4296 794 4308 -
809 4269 921 4336 Plautina,
932 4271 973 4324 De
983 4270 1041 4323 cita
1051 4270 1140 4324 Nicol.
1153 4271 1193 4323 11.
