3110 5066
753 585 793 597 ..
813 549 854 612 ῃ
872 585 913 598 .-

320 701 461 774 eumque
479 683 662 769 ferendum,
683 683 752 766 sed,
772 685 815 752 ah
828 684 955 754 scelus!
979 683 1068 753 omni
1100 685 1227 776 pudore
1258 697 1351 776 post·

318 795 437 886 posito,
459 796 558 886 pestis
575 795 646 866 haec
664 797 699 866 in
717 807 838 867 tantam
857 797 1007 889 prorupit
1025 797 1195 867 andaciam
1220 809 1256 866 ut
1287 820 1348 887 per

320 932 378 980 ora
397 911 508 1003 populi
527 912 659 981 volitent
678 913 747 982 loca
772 911 996 997 scortantium,
1026 913 1160 981 nomina
1189 913 1348 982 concubi-

320 1045 480 1094 narum...
503 1025 542 1094 Et
560 1046 600 1094 ne
618 1025 696 1117 quid
716 1026 950 1098 assertionibus
970 1028 1081 1095 deesse
1100 1026 1259 1111 videatur,
1281 1037 1346 1095 tes-

320 1141 457 1211 timonio
482 1151 559 1211 sunt
584 1142 743 1212 discursio
771 1141 974 1226 nuntiorum,
1009 1141 1124 1211 effusio
1154 1160 1344 1226 munerum,

320 1255 582 1325 cachinnantium
609 1256 688 1348 joci,
720 1266 843 1326 secreta
873 1255 1045 1345 colloquia,
1078 1265 1256 1345 postremo,
1289 1255 1348 1324 nbi

319 1370 425 1438 omnis
437 1369 585 1439 dubietas
595 1370 730 1453 tollitur,
744 1369 829 1440 uteri
841 1380 1002 1438 tumentes
1014 1378 1046 1438 et
1058 1369 1152 1458 pueri
1166 1369 1343 1458 vagientes.

318 1485 402 1574 Ergo
414 1506 482 1576 prae
494 1487 619 1574 pudore
634 1485 742 1555 nescio
760 1487 924 1576 quomodo
940 1485 1165 1575 supprimatur
1176 1485 1210 1552 in
1224 1486 1347 1576 synodo

318 1603 405 1690 quod
422 1600 552 1692 publice
570 1601 764 1670 vociferatur
782 1601 816 1668 in
835 1602 970 1670 mundo.
997 1625 1011 1668 r

364 1716 551 1785 Vehementi
576 1715 652 1785 dein
682 1718 867 1806 eloquentia
889 1716 923 1784 in
951 1715 1146 1785 fornicantes
1171 1716 1348 1786 Damianos

322 1832 492 1922 episcopos
511 1831 685 1904 invehitur.
709 1855 723 1897 ι
743 1833 835 1900 Enim
848 1852 937 1916 vero,
952 1852 1054 1921 quum
1069 1831 1227 1900 Dominus
1240 1832 1346 1901 dicat:

321 1949 426 2018 Nolite
441 1948 598 2017 Sanctum
615 1949 844 2016 deterentibus
866 1946 929 2038 (l),
951 1949 1035 2037 quod
1061 1949 1100 2014 de
1125 1957 1157 2016 te
1183 1947 1347 2036 judicium

322 2063 395 2147 erit,
416 2063 473 2154 qui
504 2085 621 2152 corpus
647 2074 751 2147 tuum,
773 2064 860 2153 quod
888 2063 1001 2152 utique
1031 2063 1266 2132 sanctificatum
1299 2075 1349 2132 est

320 2201 381 2270 per
398 2180 650 2250 consecrationis
669 2201 847 2263 accessum,
868 2199 935 2248 non
953 2179 1100 2261 canibus,
1130 2180 1186 2248 sed
1210 2180 1349 2270 lupana-

322 2297 414 2366 ribus
435 2297 600 2365 tradis‘l...
621 2298 665 2366 td
687 2295 927 2386 impositionem
947 2315 1063 2362 manus
1088 2305 1154 2363 tuae
1183 2296 1348 2364 descendit

321 2409 459 2498 Spiritus
477 2409 624 2494 Sanetus,
645 2419 677 2477 et
702 2419 736 2476 tu
770 2429 842 2476 eam
862 2407 997 2476 adhibes
1022 2407 1218 2496 genitalibus
1244 2427 1349 2475 mere-

321 2522 439 2591 tricum
460 2522 521 2612 (ἢ).
547 2546 562 2589 r

368 2640 488 2728 Ipsum!
509 2637 650 2728 denique
679 2638 866 2727 pontificem
889 2637 1068 2706 allocutus:
1093 2663 1108 2698 «
1142 2636 1190 2704 Tu
1225 2644 1347 2718 autem,

323 2755 456 2823 Domine
475 2755 532 2838 mi,
553 2755 751 2823 Venerabilis
771 2755 868 2844 Papa,
889 2753 946 2843 qui
966 2752 1082 2822 Christi
1102 2752 1169 2820 vice
1188 2751 1347 2840 fungeris,

323 2871 390 2938 noli
409 2882 531 2958 pestem
551 2871 635 2938 hanc
662 2890 721 2959 per
751 2870 911 2959 ignaviam
938 2870 976 2936 ad
997 2869 1198 2936 incrementa
1228 2867 1348 2956 perdu-

322 3005 420 3068 oere;
446 2987 512 3055 noli
533 2985 731 3055 connivendo
757 2998 789 3054 et
814 2985 1047 3053 dissimulando
1067 2983 1227 3072 grassanti
1254 2983 1348 3050 luxu·

323 3102 381 3170 riae
412 3101 504 3170 frena
541 3103 659 3169 laxare.
696 3125 709 3167 r
742 3102 950 3189 Deponantut·
984 3123 1001 3168 a
1034 3099 1090 3189 qui
1125 3097 1349 3168 ecclesiastica

322 3218 476 3286 castitatis
513 3239 578 3286 non
617 3230 771 3286 verentur
790 3216 911 3285 loedare
942 3215 1150 3298 munditiam,
1172 3224 1203 3282 et
1233 3212 1366 3302 dejecti-

321 3336 506 3421 deterreant
524 3354 605 3423 qnos
624 3333 708 3401 male
733 3343 852 3401 stantes
882 3333 922 3400 ad
941 3324 1047 3420 turpis
1076 3329 1215 3400 luxuriae
1233 3338 1349 3398 contu-

324 3435 452 3519 meliam
472 3449 740 3538 provocabant.»
775 3489 780 3498 -
858 3473 860 3476 ·

368 3681 471 3748 llotus
490 3679 571 3746 tanti
597 3678 787 3747 auctoritate
818 3676 889 3760 viri,
918 3677 1067 3764 maloque
1098 3673 1210 3742 ellicax
1241 3692 1348 3740 reme·

322 3796 411 3864 dium
441 3795 595 3864 adhibere
625 3804 769 3884 paratus,
800 3794 859 3862 bos
890 3795 1011 3882 legatos
1043 3789 1257 3858 Mediolanum
1290 3787 1346 3857 lli·

325 3914 435 3982 eolaus
454 3911 584 3982 mittere
614 3910 766 3994 decrevit,
788 3909 844 3999 qui
867 3917 956 3978 certo
982 3907 1207 3996 constantique
1239 3902 1348 3972 animo

355 4116 392 4181 (l)
409 4115 490 4180 blatt,
502 4127 549 4178 ru,
559 4113 584 4164 6.

355 4197 392 4262 (2)
409 4196 505 4262 Opusc.
518 4205 593 4254 xum,
605 4207 629 4245 c.
644 4193 669 4244 3.
