3116 5050
763 559 918 624 „90-

333 695 390 765 ubi
413 723 427 758 α
449 695 535 766 eirea
552 695 697 764 medium
717 705 835 766 octavae
854 695 958 765 noctis
987 695 1165 778 silentium,
1187 694 1290 762 exitus
1309 694 1361 762 sui

333 810 450 880 horam
469 811 734 902 appropinquare
752 831 942 900 agnoscens,
970 832 1007 880 ex
1031 812 1163 900 templo,
1184 811 1279 878 nobis
1297 811 1362 878 lec-

334 925 404 993 tulo
440 927 726 995 circumstantibus
756 936 954 995 nocturnum
991 947 1047 996 seu
1076 926 1266 994 matitunale
1296 920 1365 992 olfi-

335 1041 422 1110 cium
441 1051 544 1111 totum
564 1062 718 1132 peragere
726 1041 823 1130 jussit
843 1042 905 1130 (l).
924 1043 1022 1122 »Quo
1034 1050 1177 1131 peraeto,
1192 1041 1364 1109 defunctus

335 1166 395 1238 est,
418 1155 469 1223 die
489 1155 645 1223 februarii
663 1174 740 1238 riu,
762 1175 848 1223 anno
862 1174 985 1222 utimr.

380 1269 452 1338 Fuit
472 1271 506 1336 in
525 1271 595 1358 ipsa
614 1271 648 1342 B.
671 1270 778 1338 blariae
797 1269 930 1338 basilica
949 1281 1024 1338 ante
1043 1270 1143 1337 altare
1162 1269 1360 1348 reconditus,

334 1383 466 1473 ingeudi
498 1385 581 1455 lacto
602 1386 700 1454 totius
729 1385 865 1454 civitatis
896 1405 1071 1464 concurso,
1106 1409 1121 1451 ‹
1156 1383 1308 1453 omnibus
1330 1381 1363 1448 in

334 1499 468 1590 psalmis
486 1511 517 1567 et
535 1499 665 1590 hymnis
684 1521 776 1569 voees
795 1500 830 1567 in
849 1501 1009 1568 excelsum
1029 1500 1228 1580 tollentibus,
1250 1499 1365 1586 digna-

337 1636 401 1704 que
421 1615 485 1682 Deo
509 1617 688 1703 gratiarum
708 1614 871 1705 praeconia
889 1616 965 1683 totis
983 1601 1107 1684 uiribus
1125 1614 1366 1696 exhibentibus,

336 1729 430 1819 cujus
449 1750 585 1800 munere
600 1737 688 1798 tanto
709 1751 743 1798 se
762 1731 879 1798 ditatos
893 1732 1139 1819 gratulabantur
1151 1729 1206 1817 (b).
1227 1755 1242 1796 r

384 1869 398 1912 r
426 1845 477 1914 Sic
506 1846 603 1930 Deus,
636 1847 670 1912 in
707 1846 769 1945 hoc
803 1846 1063 1934 deploratissimo
1104 1847 1235 1928 saeculo
1265 1867 1368 1935 quum

338 1962 529 2030 excrevisset
552 1963 592 2029 ad
623 1961 799 2030 Ecclesiam
832 1962 1032 2029 obruendam
1052 1962 1208 2030 diluvium
1245 1961 1365 2045 carnis,

339 2076 428 2144 dedit
457 2077 580 2144 mundo
616 2086 742 2143 tantum
779 2075 898 2158 virum,
938 2077 993 2166 qui
1025 2075 1256 2172 austerissimae
1297 2075 1368 2143 vitae

340 2189 498 2278 exemplo,
531 2189 685 2277 verbique
716 2189 945 2278 praedicatione
974 2199 1006 2257 et
1036 2189 1164 2277 scriptis
1196 2189 1370 2256 exsiccaret

339 2315 461 2372 tantam
489 2305 707 2393 putredinem,
741 2306 927 2394 pariterque
958 2317 1118 2394 pugnaret
1147 2307 1301 2374 adversus
1327 2304 1370 2372 si-

341 2418 522 2486 moniacam
552 2417 715 2502 baercsim‚
737 2439 811 2507 quae
837 2417 959 2508 ubique
991 2419 1136 2486 locorum
1162 2398 1372 2506 grassabatur

339 2533 475 2620 impune
505 2532 564 2622 (3).
601 2556 615 2598 r
648 2532 724 2601 Haec
743 2533 901 2601 baronius
920 2533 989 2622 qui,
1012 2546 1156 2601 veterum
1176 2533 1371 2621 scriptorum

343 2647 536 2716 auctoritate
566 2649 694 2731 ductus,
727 2649 965 2738 Hieronymum
990 2650 1154 2738 juniorem
1182 2648 1372 2716 Damianum

342 2783 533 2852 nuncupare
555 2765 679 2832 solebat
699 2763 760 2852 (ll).

386 2877 628 2967 Antiquissimis
654 2890 724 2947 tum
756 2879 951 2948 Ravennatis
981 2880 1142 2962 Ecclesiae,
1164 2891 1233 2949 tum
1252 2880 1373 2949 Faven-

342 2992 420 3061 tinac
450 2993 570 3062 tabulis
602 2996 889 3085 monumentisque
923 3007 1047 3064 constat
1077 2997 1224 3064 Damiani
1256 3017 1375 3064 nomen

342 3108 428 3176 inter
458 3119 585 3177 sanctos
615 3109 715 3177 fuisse
753 3117 911 3199 perpetuo
937 3121 1165 3180 memoratum.
1202 3111 1374 3180 llodiernis

345 3226 477 3292 demum
509 3224 724 3313 temporibus,
757 3246 894 3294 romano
932 3227 1177 3317 martyrologio,
1209 3229 1247 3294 ad
1289 3227 1377 3294 diem

344 3339 502 3408 februarii
522 3357 612 3424 xxrn,
635 3339 826 3429 inscriptum
847 3352 906 3409 est.
934 3353 935 3356 ’

376 3550 410 3615 (l)
432 3551 494 3601 Vita
507 3547 541 3601 B.
556 3551 633 3602 Petri
645 3551 736 3616 Dom„
749 3567 805 3617 cap.
818 3552 857 3604 m.

377 3629 415 3694 (2)
434 3630 496 3680 Vita
508 3630 540 3680 B.
554 3631 631 3680 Petri
643 3631 734 3695 Doara,
747 3645 802 3695 cap.
814 3631 854 3682 Ὦ.

376 3709 415 3773 (3)
432 3710 569 3773 Rammius,
583 3711 688 3761 Annol.
704 3713 807 3775 eccles,
824 3712 856 3762 ad
870 3727 931 3762 ann.
945 3713 1017 3766 torn.
1126 3765 1128 3770 ,

378 3791 414 3853 ct)
429 3791 508 3842 Alter
528 3793 723 3856 Hieronymus,
746 3792 773 3842 in
795 3797 885 3842 nostro
907 3797 1035 3858 tempore.
1054 3793 1206 3860 (Berthold.,
1226 3797 1253 3846 in
1272 3795 1318 3848 lib.
1338 3796 1378 3848 De

346 3868 460 3921 vitando
474 3874 768 3923 wcmnmuobcatomm
780 3873 990 3936 communione.)
1185 3872 1190 3884 “
