3116 5050
604 628 780 696 -81,--.

170 762 292 848 agnete
311 759 519 850 imperatrice
549 761 671 829 audivit
692 761 868 831 Damianos
888 763 957 852 (1);
981 762 1066 833 aliud
1088 787 1107 833 a
1126 787 1195 834 mo-

173 871 291 958 nacho,
313 897 410 964 quem
431 877 500 965 ipse
519 876 671 944 novisset.
694 877 766 966 lpse
794 889 902 946 autem
926 879 1060 947 castoris
1080 893 1197 964 artem,

172 999 284 1076 utpote
323 989 551 1072 certissimam,
600 989 789 1058 imitandam
835 991 999 1078 proponit.
1035 1015 1047 1056 r
1088 993 1200 1062 Castor

174 1103 297 1192 itaque,
319 1124 422 1192 quum
441 1125 476 1171 se
495 1105 581 1172 videt
600 1126 617 1172 a
637 1115 788 1172 venatore
807 1116 939 1194 propter
957 1106 1109 1192 genitalia
1132 1095 1204 1196 per·

176 1219 280 1308 sequi,
304 1220 373 1287 baec
401 1219 565 1288 mordicus
585 1219 743 1287 abscindit
768 1231 800 1287 et
818 1234 892 1287 ante
912 1223 1071 1290 venatoris
1091 1221 1205 1292 faeiem

175 1331 304 1420 projicit
324 1333 384 1417 (6).
412 1331 465 1400 Sic
490 1332 576 1400 illico
596 1346 728 1400 venator
747 1333 902 1420 abscedit,
923 1335 1000 1400 dum
1020 1333 1051 1402 id
1072 1348 1206 1424 propter

176 1447 263 1535 quod
284 1445 542 1535 persequebatur
573 1445 717 1513 extorsit.
738 1445 768 1512 Si
795 1466 871 1514 vero
896 1430 1053 1534 contingit
1071 1459 1106 1516 nt
1125 1449 1206 1516 alter

177 1582 253 1629 eum
272 1581 388 1628 rursus
408 1573 539 1628 venator
567 1561 766 1642 inveniat...,
788 1560 931 1630 inesse
952 1563 1111 1632 venatoris
1142 1563 1206 1631 eri-

178 1675 237 1764 git.
269 1674 321 1744 Sic
354 1675 401 1743 sie
427 1676 467 1742 ab
498 1675 647 1744 instantis
674 1675 832 1744 venabulo
865 1675 1035 1759 liberatur,
1057 1679 1134 1744 dnm
1154 1699 1207 1746 os-

179 1791 282 1858 tendit
298 1789 361 1858 sibi
374 1792 485 1858 deesse
501 1791 590 1879 quod
607 1790 768 1878 queritur.
789 1790 836 1858 Tu
856 1812 1000 1880 quoque,
1016 1804 1077 1860 etc.
1101 1793 1162 1880 (3).
1187 1815 1201 1856 o

223 1903 347 1992 Duplex
380 1914 539 1991 praeterea
569 1903 723 1972 castitatis
745 1901 968 1990 adjumentum
988 1905 1129 1972 celebrat
1150 1907 1209 1972 [la-

182 2018 332 2088 mianus:
366 2003 575 2086 sobrietatem
604 2018 724 2114 scilicet
743 2029 774 2085 et
799 2019 936 2106 flagella.
959 2019 1002 2086 De
1019 2020 1210 2088 verberibus

184 2144 293 2199 autem
314 2133 462 2220 quaedam
494 2131 672 2218 singularia
704 2130 848 2218 scripsit:
875 2129 991 2208 «Quia
1020 2141 1209 2220 tympanum

181 2256 229 2314 est
261 2247 354 2334 pellis
392 2247 495 2329 arida,
534 2245 600 2328 ille,
629 2245 719 2333 juxta
748 2245 952 2332 prophetam,
992 2245 1026 2311 in
1056 2224 1207 2335 tympano

180 2362 354 2430 Dominum
380 2361 537 2430 veraciter
564 2361 672 2428 laudat
702 2359 759 2448 (d),
781 2359 837 2448 qui
866 2359 1047 2428 conlectum
1072 2361 1208 2450 jejuniis

182 2498 301 2565 corpus
320 2477 471 2544 verberat
488 2473 548 2564 (5).
574 2499 588 2540 t)

225 2593 331 2661 Sacris
362 2592 508 2681 apprime
537 2590 652 2658 litteris
684 2591 833 2658 studeant
859 2592 1031 2659 monachi:
1060 2617 1074 2659 r
1110 2575 1229 2662 Totus

182 2719 250 2778 esto
270 2729 400 2796 semper
418 2708 451 2774 in
470 2706 649 2795 prophetis
671 2716 757 2773 totus
776 2705 810 2772 in
832 2707 1022 2794 Evangeliis,
1047 2732 1063 2771 »
1085 2731 1103 2774 a
1132 2729 1207 2796 pro-

181 2825 266 2892 fanis
297 2834 406 2892 autem
439 2821 626 2914 auctoribus
655 2823 825 2889 recedant:
851 2847 864 2888 t
897 2823 1095 2890 Piscatorum
1120 2823 1207 2890 enim

184 2949 310 3021 sumus,
332 2959 398 3006 non
428 2947 595 3010 oratorum
628 2936 789 3023 discipuli,
822 2948 857 3003 ut
888 2958 925 3004 ex
954 2957 1010 3004 ore
1041 2938 1207 3005 christiani

185 3073 251 3122 non
271 3053 412 3121 latinitas
438 3051 545 3134 Tullii,
574 3053 629 3119 sed
653 3051 841 3139 simplicitas
861 3063 990 3119 resonet
1009 3053 1124 3134 Christi
1145 3051 1205 3139 (6).

184 3171 258 3258 lpse
278 3189 352 3236 vero
372 3187 579 3255 summopere
609 3165 768 3245 eruditus,
790 3166 939 3254 antiquos
959 3187 1205 3256 nonnunquam,
1273 3227 1275 3232 ,

185 3305 293 3373 neque
312 3284 380 3351 sine
400 3293 566 3349 venustate
592 3281 721 3349 citabat.
750 3280 801 3348 Sic
826 3302 928 3369 quum
954 3303 1029 3350 suos
1059 3283 1208 3349 hortatur

185 3409 223 3465 ut
241 3419 260 3464 a
280 3395 416 3484 singulis
435 3395 603 3476 fratribus,
624 3393 750 3482 siquid
769 3394 939 3482 ipsisboni
959 3394 1011 3478 sit,
1034 3393 1204 3482 accipiant,

189 3511 348 3593 leonidis,
369 3509 403 3577 in
415 3509 577 3598 pingenda
597 3503 712 3576 ve'nere
734 3509 916 3596 exemplum
935 3509 1044 3576 relert.
1068 3533 1082 3574 r
1107 3509 1211 3577 Nimi-

219 3767 256 3832 (1)
272 3766 496 3830 Opusc.xcv11,e.
511 3763 535 3814 l.

217 3849 256 3912 (2)
271 3847 310 3898 cf.
328 3846 431 3906 turem,
444 3851 492 3896 sat.
506 3857 554 3908 ¹11,
571 3841 611 3894 34.
626 3868 655 3882 -·
668 3843 756 3908 Apul„
774 3841 863 3907 Astra,
875 3841 920 3893 lib.
933 3842 958 3906 1;
970 3839 1048 3906 Prin,
1061 3854 1107 3905 vn,
1126 3840 1167 3904 47,
1187 3849 1214 3894 et

183 3939 268 3992 amr,
282 3927 322 3977 13.

215 4009 252 4073 (³)
268 4007 364 4071 Opusc.
380 4005 479 4070 L11,De
492 4005 559 4055 bono
570 4003 692 4068 relicinae
705 4009 802 4066 status,
818 4016 875 4066 cap.
888 4003 912 4052 5.

217 4087 256 4152 tl)
273 4087 397 4138 Laudato
410 4100 471 4136 enm
485 4086 515 4135 in
529 4091 657 4150 tympano
669 4091 696 4133 et
708 4085 799 4147 choro,
811 4098 850 4147 ps.
864 4096 905 4142 cn,
917 4083 941 4132 6.

188 4177 194 4188 ’
215 4167 251 4231 (ὃ)
268 4167 350 4231 Epist.
362 4177 399 4230 vr,
412 4163 452 4214 nt.
467 4191 499 4203 -
510 4165 549 4216 Cf.
562 4178 653 4228 opusc.
666 4174 733 4226 nnn,
748 4163 787 4213 De
803 4163 884 4212 laude
894 4161 1075 4226 Mallorum.

219 4245 256 4310 (6)
273 4245 367 4312 Opusc.
383 4255 442 4310 xm,
454 4258 477 4295 c.
490 4243 530 4295 11.

1126 4358 1144 4416 6
