3116 5050
745 611 903 674 ..56-

356 746 394 814 Ut
414 748 453 815 de
466 745 630 834 conjugio,
652 745 697 813 ita
716 754 747 812 et
766 745 806 812 dc
826 743 964 812 simonia
983 743 1194 833 disputatum.

324 897 325 900 π
356 863 392 928 l⁰
417 860 571 929 Nonnulli
609 860 846 929 contendebant
881 859 1014 926 minime
1052 859 1086 926 in
1124 859 1335 926 simoniacam

311 972 462 1039 haeresim
495 992 549 1038 eos
588 971 730 1039 incidere
767 971 822 1059 qui
854 971 1059 1059 episcopatus
1090 991 1108 1038 a
1134 967 1338 1058 principibus

311 1095 546 1155 mercarentur.
569 1085 707 1168 Etenim,
723 1106 783 1174 per
806 1106 877 1154 eam
897 1086 1149 1174 coemptionem,
1162 1085 1249 1152 bona
1268 1083 1339 1173 qui-

310 1205 384 1270 dem
422 1203 609 1291 praediaque
646 1202 795 1271 Ecclesiae
831 1202 1081 1283 nanciscuntur3
1115 1201 1338 1290 episcopatum

309 1326 430 1398 autem,
465 1337 523 1405 per
561 1336 716 1383 manuum
738 1315 990 1404 impositionem,
1029 1337 1104 1404 quae
1128 1316 1269 1404 gratuito
1289 1316 1337 1399 fit,

309 1431 482 1519 recipiunt.
524 1431 727 1499 Demonstrat
771 1431 946 1499 Damianos
977 1431 1146 1520 saecularia
1188 1431 1340 1500 Ecclesiae

268 1561 273 1572 ·
312 1548 397 1614 bona
426 1547 466 1614 ab
497 1547 567 1634 ipsa
587 1546 728 1614 Ecclesia
745 1568 811 1614 non
831 1567 926 1634 posse
959 1547 1128 1635 separari;
1154 1569 1168 1612 r
1191 1546 1284 1636 prius
1310 1557 1342 1614 te

311 1662 465 1730 venalitas
485 1663 559 1730 fecit
578 1663 780 1745 haereticum,
803 1683 899 1750 quam
932 1683 1048 1730 manus
1078 1662 1240 1751 impositio
1267 1663 1342 1730 red-

312 1779 403 1846 deret
421 1789 646 1846 consecratum
661 1777 724 1866 (l).
750 1801 764 1842 o

358 1893 394 1960 2⁰
417 1893 573 1960 Dicebant
610 1893 664 1959 alii
701 1893 824 1960 nullam
852 1893 988 1960 existere
1025 1892 1211 1974 simoniam,
1244 1895 1342 1962 dum-

313 2011 411 2077 modo
430 2007 567 2098 peounia
580 2007 674 2089 desit,
696 2008 790 2097 quasi
810 2028 876 2075 non
895 2007 1012 2076 merito
1026 2009 1153 2076 dicatur
1171 2009 1339 2098 episcopa-

313 2141 382 2193 tum
403 2145 512 2192 emero
532 2123 588 2212 qui
615 2144 719 2192 «non
749 2115 919 2192 contentus
944 2124 1147 2192 solummodo
1173 2125 1356 2220 facultates

314 2240 508 2329 expendere,
538 2238 746 2326 semetipsum
776 2260 907 2328 quoque
935 2259 1000 2306 non
1032 2239 1157 2307 dubitat
1184 2250 1341 2329 tanquam

316 2377 444 2424 servum
465 2333 597 2423 domino
616 2355 819 2423 vendititium
845 2355 1032 2443 subjugare.
1056 2355 1160 2443 thue
1182 2355 1252 2444 ejus
1278 2355 1347 2422 ani·

316 2491 407 2538 mum
426 2471 543 2559 capiat,
565 2470 652 2558 quod
671 2470 733 2558 ipsi
753 2469 856 2558 magis
875 2471 1000 2558 placeat
1019 2471 1168 2540 assiduus
1194 2472 1346 2540 observa-

317 2597 367 2654 tor
382 2587 535 2674 explorat.
551 2585 669 2652 Pendet
683 2588 721 2653 ad
735 2596 851 2654 nutum
868 2607 875 2652 :
897 2586 945 2654 ire
956 2586 1103 2674 jubetur,
1119 2587 1239 2670 evolat3
1258 2596 1344 2654 stare

317 2700 516 2790 praecipitur,
557 2699 680 2768 silicem
716 2711 956 2788 repraesentat3
990 2701 1016 2768 si
1048 2701 1200 2768 dominus
1230 2702 1343 2784 lervel,

317 2817 371 2884 ille
401 2818 518 2898 sudat;
548 2815 574 2882 si
604 2815 657 2883 ille
684 2826 811 2900 aestum,
848 2816 902 2883 hic
922 2836 1052 2886 vcauma
1089 2815 1343 2905 conqueritur...

203 2965 208 2976 =
320 2935 422 3020 Atque
441 2931 514 2998 ideo
534 2930 672 2998 hicnon
691 2930 838 3021 simplex,
859 2933 915 3000 sed
935 2931 1107 3020 omnigena
1127 2931 1284 3000 dicendus
1297 2941 1348 2998 est

320 3043 529 3111 simoniacus.
552 3043 664 3133 Neque
683 3043 838 3132 glorietur
858 3063 977 3111 senon
997 3043 1118 3111 metalli
1139 3043 1267 3111 dedisse
1286 3065 1345 3132 pe·

321 3157 463 3240 cuniam,
485 3158 541 3247 qui
562 3159 648 3248 quod
678 3157 852 3248 pretiosius
882 3157 1033 3241 hahebat,
1055 3156 1266 3252 semetipsum
1294 3178 1348 3226 ve-

322 3274 429 3341 nalem
450 3273 590 3362 praebuit
611 3271 671 3362 (E).
698 3296 712 3338 a

366 3387 477 3456 Totam
498 3388 565 3456 lere
590 3387 714 3455 ltaliam
737 3387 897 3455 invaserat
922 3387 1098 3456 simoniaca
1126 3387 1284 3456 haeresis:
1307 3390 1347 3456 ad

321 3501 559 3584 Gehehardum,
581 3491 797 3569 Ravennatem
817 3501 1018 3590 episcopum,
1040 3499 1200 3569 scribebat
1220 3501 1348 3570 Damia-

321 3637 479 3685 nuscum
499 3617 605 3684 solum
623 3635 705 3706 pene
724 3625 764 3683 ex'
780 3615 930 3683 omnibus
950 3616 1103 3684 invictum
1124 3616 1242 3685 Christi
1262 3616 1349 3682 mili-

320 3743 387 3802 tem
407 3751 598 3822 permanere
616 3731 674 3820 (3).
696 3732 809 3821 Neque
829 3731 897 3800 sine
916 3731 1062 3820 periculo
1081 3752 1120 3799 ea
1139 3731 1253 3799 militia
1265 3741 1346 3800 erat.

322 3849 415 3932 Nam,
452 3849 566 3916 eodem
597 3846 726 3915 circiter
755 3857 913 3936 tempore,
946 3840 1049 3936 quum
1080 3847 1113 3914 B.
1149 3847 1350 3917 Romualdus

353 4083 389 4148 (l)
405 4083 485 4147 Epist.
498 4096 517 4146 1,
530 4083 570 4147 13,
583 4083 628 4134 Ad
639 4082 775 4133 Alexand.
788 4082 821 4133 Π.

352 4165 387 4227 (2)
402 4163 570 4226 Felsinam,
586 4176 675 4228 opusc.
687 4175 754 4225 xxm,
768 4163 870 4214 Contra
883 4163 992 4214 elericos
1004 4164 1116 4215 aulicos.

355 4245 394 4308 (3)
410 4245 490 4310 Epist.
503 4256 543 4308 ιιι,
558 4245 582 4294 1.
