3110 5066
671 556 832 618 „29-

243 698 336 777 pater
354 691 403 758 vel
433 711 506 780 quae
526 701 630 760 mater
648 692 683 759 Β.
706 691 813 759 llariae
832 689 942 772 luerit,
968 689 1074 758 studio
1093 687 1268 779 superfluae

244 805 441 874 curiositatis
467 806 678 896 inquirunt...
707 807 881 875 Sciendum
905 826 982 873 uero
1013 815 1062 874 est
1086 805 1174 874 bunc
1198 825 1268 874 esse

244 937 369 986 morem
409 919 623 1008 scriptoribus
672 918 755 988 sacri
795 917 927 1008 eloquii,
969 927 1005 1005 ut
1036 905 1119 986 sicut
1140 919 1269 986 student
1338 900 1342 908 ’

243 1053 373 1120 semper
398 1033 494 1103 silere
519 1037 605 1124 quod
626 1035 730 1116 obest,
749 1033 796 1104 sic
820 1033 918 1102 etiam
937 1033 1059 1102 referre
1087 1032 1271 1122 despiciunt

136 1232 138 1236 Ι
246 1147 332 1234 quod
351 1168 416 1215 nou
437 1149 569 1238 prodest.
587 1149 646 1238 (1).
674 1173 688 1214 i
778 1136 780 1140 ’

289 1261 325 1330 3⁰
349 1263 440 1332 Absit
469 1273 501 1332 et
531 1264 661 1346 mollior
690 1263 817 1332 dicendi
844 1263 972 1345 modus,
1003 1283 1069 1352 quo
1096 1281 1209 1350 graves
1239 1271 1271 1330 et

242 1398 343 1446 sacrae
358 1399 411 1447 res
431 1378 677 1467 infirmentur.5‹
693 1378 803 1448 Solent
813 1379 978 1447 mundana
991 1377 1174 1466 eloquentia
1193 1399 1269 1446 eru·
1339 1369 1344 1374 ’

243 1493 300 1562 diti
327 1495 524 1564 locutionem
555 1515 647 1564 suam
675 1495 830 1563 rhetorici
861 1491 978 1562 coloris
1002 1493 1158 1562 suavitate
1181 1514 1269 1562 com-

243 1584 363 1696 ponere
375 1629 384 1691 ;
414 1617 446 1676 et
474 1629 612 1698 quaeque
642 1607 797 1690 difficilia,
828 1627 930 1696 quum
949 1607 1071 1690 volunt,
1092 1605 1219 1675 blandis
1238 1617 1270 1675 et

243 1721 410 1811 exquisitis
429 1723 536 1792 verbis
549 1723 630 1792 levia
648 1725 894 1823 demonstrare;
917 1733 951 1791 ut
969 1722 998 1790 si
1023 1723 1153 1812 quando
1172 1742 1269 1810 grave
1297 1753 1298 1756 ¹

242 1838 363 1928 aliquid
395 1839 569 1928 imperent,
591 1842 774 1910 auditorem
794 1842 833 1909 ad
853 1860 913 1909 sua
935 1849 1008 1909 vota
1027 1848 1224 1908 convertant.
1251 1819 1285 1904 »⁸

243 1953 314 2021 Non
333 1954 377 2022 ita
409 1955 504 2038 Deus,
525 1956 581 2045 qui
607 1957 826 2024 Abrabamum
846 1955 1028 2024 allocutus:
1060 1979 1074 2021 c
1100 1956 1197 2038 Tolle,
1218 1953 1269 2022 iu·
1381 1961 1383 1964 ’

245 2068 326 2157 quit,
348 2070 457 2158 filatum
488 2079 582 2139 tuum
611 2072 716 2154 Isooc,
748 2091 842 2160 quem
860 2071 987 2161 dilipis,
1008 2080 1037 2140 et
1067 2071 1143 2159 offer
1172 2070 1269 2139 illoto

241 2184 328 2270 mibi
350 2185 388 2253 io
410 2187 630 2256 beluacensium
649 2186 709 2276 (b).
735 2210 749 2250 r

267 2301 409 2370 -d⁰'Suo
428 2302 621 2390 praedicator
640 2301 756 2390 diguus
788 2301 969 2398 ministerio
989 2301 1042 2386 sit,
1072 2321 1177 2392 neque
1206 2301 1268 2370 bu·

238 2419 372 2492 ¹mau'am
392 2417 535 2502 laudem,
556 2417 697 2506 plebisve
716 2418 860 2486 favorem
879 2416 1000 2486 ambiat
1017 2415 1074 2504 (3).
1185 2421 1187 2425 ’

287 2527 323 2596 5⁰
347 2528 416 2597 lluo
442 2530 647 2618 praedicatori
674 2551 881 2620 summopere
907 2529 1101 2613 necessaria,
1127 2529 1161 2598 in
1186 2531 1269 2620 epis·

241 2643 306 2712 tola
342 2645 381 2712 ad
415 2644 591 2730 (linthium,
631 2646 832 2714 demonstrat
866 2644 1050 2729 Damianus,
1083 2645 1268 2724 ,doctrinam

240 2759 363 2829 scilieet
381 2770 413 2830 et
437 2761 650 2844 sanctitatem,
671 2783 737 2850 qua
761 2762 862 2830 multo
892 2761 1053 2831 efficacior
1082 2761 1266 2851 eloquentia

239 2874 276 2944 fit
293 2875 354 2966 (d).

286 3105 330 3174 lla
353 3105 564 3196 simplicitas,
577 3127 615 3176 ea
644 3107 825 3198 sinceritas,
845 3106 1049 3197 gravitasque
1075 3127 1151 3178 cum
1174 3127 1266 3178 sanu-

242 3219 331 3290 titate
349 3222 422 3290 vitea
441 3221 476 3290 in
502 3221 647 3291 Damiani
675 3222 861 3312 eloquentia
887 3223 1096 3292 concordant.
1118 3223 1209 3305 Quod
1239 3225 1266 3292 si

238 3356 341 3410 nuuc.
358 3337 545 3427 inquiratur
570 3339 672 3407 unde
705 3358 894 3408 sermonum
924 3337 1092 3407 materiam
1130 3339 1263 3428 ceperit,

238 3453 391 3541 dogmata
422 3452 616 3542 reperimus,
645 3473 776 3523 morum
799 3463 974 3542 praecepta,
1006 3453 1171 3522 historias.
1193 3455 1265 3523 Non

237 3567 282 3635 ita
300 3578 408 3636 tamen
427 3578 464 3637 ut
483 3569 605 3660 iactum
630 3570 793 3658 quoddam
813 3570 1045 3653 enarrandum,
1067 3590 1126 3638 seu
1150 3568 1265 3638 delini-
1310 3599 1313 3606 ·

237 3694 301 3751 tam
327 3683 494 3753 veritatem
525 3685 823 3767 demonstrandam,
856 3696 911 3754 aut
946 3694 1070 3754 certum
1098 3685 1263 3755 inculcan-

266 3939 303 4001 (l)
317 3938 404 4004 Bam,
417 3939 513 3990 llomil.
526 3951 599 4003 xuni,
612 3940 648 3990 In
661 3941 747 3991 cotio.
762 3940 796 3991 B.
814 3940 941 4005 Virpinia.

267 4019 300 4086 (2)
317 4021 387 4071 Petri
401 4021 486 4084 Danu,
502 4023 587 4072 Serm.
601 4033 688 4086 xxxii,
702 4021 741 4073 De
751 4021 781 4074 S.
791 4022 958 4086 Apollinari.

264 4101 302 4163 (3t
321 4102 403 4165 Epist.
417 4114 443 4165 v,
459 4101 495 4152 ta.

201 4222 204 4230 .
267 4181 305 4246 (l)
321 4181 401 4245 Epist.
416 4193 475 4246 vu1,
487 4181 513 4234 l.
