3110 5066
634 613 793 674 43..

197 729 334 832 ¹erogata
353 743 387 812 in
405 745 562 833 populum
582 745 731 834 pecunia,
753 746 936 816 furentibus
955 747 1099 837 undique
1117 768 1227 818 arma·

202 867 310 927 torum
329 859 458 942 turmis,
480 868 577 929 noctu
598 861 811 930 intronizatus
830 871 891 931 est.

247 971 283 1040 2⁰
319 972 426 1054 Quum
458 995 570 1044 omnes
603 976 659 1066 qui
689 977 880 1046 obstiterant
909 986 1034 1047 terrore
1066 979 1226 1066 compulsi

155 1069 160 1080 ⁴
202 1089 362 1177 lugerent,
383 1089 537 1160 Ostiensis
556 1094 735 1184 presbyter,
759 1119 775 1157 a
808 1093 864 1183 qui
894 1093 1020 1162 utinam
1047 1093 1227 1185 syllabatim

138 1206 141 1211 ’
204 1214 313 1274 nosset
332 1206 382 1274 vel
400 1226 498 1274 unam
518 1208 670 1297 paginam
690 1207 753 1276 rite
773 1229 979 1297 percurrere,
1012 1233 1026 1276 ε
1059 1211 1078 1277 a
1107 1211 1227 1278 satelli·
1338 1233 1395 1276 ὁ

203 1319 303 1404 tibus,
324 1319 456 1389 absente
475 1323 658 1412 episcopo„
672 1334 784 1414 raptus
820 1333 879 1406 est,
912 1324 968 1413 qui
998 1325 1228 1414 pseudoponti-

205 1436 298 1505 licem
317 1449 532 1506 consecraret.

248 1553 284 1621 3⁰
305 1577 319 1620 o
344 1553 415 1622 lluc
433 1553 548 1622 accidit
569 1555 647 1644 quia
666 1555 728 1644 piae
748 1555 913 1625 memorias
932 1555 1115 1645 Stephanus
1131 1578 1226 1646 papa,

203 1669 406 1758 congregatis
443 1669 528 1738 intra
561 1671 729 1739 eeclesiam
754 1670 926 1760 episcopis,
959 1669 1147 1761 civibusque
1176 1695 1229 1742 ro-

204 1784 321 1868 manis,
359 1783 452 1854 Claro
490 1796 520 1854 ει
559 1785 685 1875 Populo
721 1787 866 1855 Romano
910 1787 971 1856 boc
1005 1788 1065 1856 sub
1094 1789 1230 1858 districti

203 1897 418 1968 anathematis
437 1900 767 1970 excommunicatione
786 1890 953 1984 statuerat,
975 1912 1011 1970 ut
1034 1903 1061 1970 si
1086 1923 1159 1970 eum
1191 1905 1231 1974 de

204 2014 266 2082 hoc
284 2015 402 2082 saeculo
413 2015 555 2104 migrare
568 2018 781 2105 contingeret,
798 2017 964 2106 antiquam
976 2017 1228 2104 Hildebrandus,

203 2129 358 2198 Romanae
394 2131 544 2200 Ecclesiae
582 2133 811 2217 subdiaconus,
851 2132 906 2222 qui
950 2154 1024 2200 cum
1062 2137 1229 2203 communi

203 2245 350 2313 omnium
381 2247 516 2315 consilio
546 2229 747 2330 mittebatur,
775 2248 815 2316 ab
847 2248 1057 2337 imperatrice
1089 2250 1232 2334 redirel3

205 2382 321 2450 papam
341 2361 450 2430 nullus
470 2362 614 2450 eligeret,
636 2365 691 2432 sed
723 2365 815 2432 sedes
847 2364 1021 2452 apostolica
1053 2386 1158 2456 usque
1191 2368 1230 2435 ad

203 2478 290 2546 illius
310 2477 451 2546 reditum
471 2478 590 2546 intacta
609 2489 735 2547 vacaret
754 2479 810 2567 (1).
837 2503 851 2545 n

246 2703 447 2794 Quapropter
466 2706 566 2773 redux
585 2726 606 2794 ε
622 2704 793 2774 Germania
815 2705 1052 2775 llildebrandus
1072 2708 1172 2777 Senas
1191 2711 1230 2778 ad

203 2841 239 2888 se
258 2820 438 2888 cardinales
465 2831 496 2887 et
526 2821 651 2888 nobiles
682 2841 835 2889 romanos
865 2823 1059 2907 convocavit,
1088 2844 1229 2913 quorum

202 2935 366 3024 suffragiis
385 2936 559 3018 Gerardus,
580 2936 787 3004 Florentinus
806 2937 989 3027 episcopus,
1024 2935 1230 3010 renuntiatus

135 3055 140 3063 '
200 3063 250 3120 est
286 3052 427 3141 pontifex
463 3041 493 3120 ει
531 3052 681 3121 Nicolaus
719 3053 747 3120 ll
793 3054 973 3142 appellatus
1015 3053 1071 3140 (1).
1120 3056 1229 3124 Mense

198 3168 351 3255 januario
371 3187 450 3236 uum
470 3169 644 3237 coronatus
658 3179 716 3236 est.
734 3193 751 3232 o
765 3169 808 3236 De
821 3169 922 3236 electo
936 3169 998 3238 boc
1009 3169 1089 3237 mihi
1103 3171 1229 3240 videtur

202 3283 280 3372 quia
299 3285 381 3352 bene
399 3283 558 3352 litteratus
570 3293 629 3366 est,
641 3294 672 3351 et
682 3283 798 3351 vivacis
810 3283 946 3372 ingenii,
960 3283 1030 3352 sine
1044 3285 1228 3375 suspicione

203 3409 322 3480 castus,
362 3399 397 3466 in
434 3399 607 3486 erogandis
642 3399 854 3489 eleemosynis
881 3399 995 3488 pius...
1029 3401 1084 3469 llle
1118 3412 1226 3470 aulem

203 3523 353 3582 econtra
373 3511 525 3600 (loannes
545 3513 607 3601 sc.)
628 3511 654 3580 si
674 3533 778 3580 unum
797 3533 863 3581 non
883 3513 988 3581 dicam
1008 3514 1136 3601 psalmi,
1172 3516 1228 3584 sed

197 3631 247 3698 vel
284 3628 427 3698 homiliae
463 3627 596 3718 quidem
632 3627 830 3698 versiculum
868 3629 962 3719 plane
999 3629 1079 3704 mihi
1124 3631 1227 3698 valeat

197 3764 372 3833 exponere,
396 3764 511 3812 manus
530 3744 583 3828 do,
607 3745 731 3833 plantas
750 3745 891 3826 osculor,
907 3755 939 3812 ει
957 3765 1024 3813 non
1043 3747 1140 3813 modo
1156 3745 1225 3834 jam
1329 3730 1332 3735 ¹

194 3858 427 3948 Apostolicum,
444 3861 498 3928 sed
519 3859 616 3927 etiam
635 3861 835 3949 Apostolum,
857 3858 884 3927 si
898 3857 1022 3948 jubetis
1041 3860 1180 3949 appello.
1205 3884 1222 3924 a

227 4081 262 4144 (1)
277 4081 350 4132 Petri
361 4081 446 4144 Dam,
462 4080 538 4145 epist.
551 4091 592 4136 rrr,
606 4079 630 4129 1.
646 4079 683 4130 Cf.
698 4079 824 4130 chronic.
840 4079 944 4143 Oasin„
953 4079 999 4131 lib.
1012 4091 1042 4142 rr,
1055 4092 1111 4142 cap.
1126 4078 1180 4129 101.

223 4161 259 4225 (i)
275 4161 363 4211 Nicol.
380 4159 413 4210 Π
422 4160 488 4222 vitu,
502 4175 542 4224 ap.
557 4159 730 4211 Rerume'tal.
743 4161 898 4224 scriptores.
911 4159 1060 4223 Mediolani,
1071 4157 1143 4224 1723,
1158 4163 1177 4210 t..
1191 4157 1227 4222 11,

195 4251 286 4306 parer.
836 4260 838 4263 ·
