3110 5066
648 611 685 623 -
706 575 747 638 39
767 609 806 623 .-

212 707 291 776 bere
309 703 426 796 potest,
447 706 510 776 nisi
532 708 646 775 datum
665 707 743 776 sith
771 707 845 777 neo.
881 734 897 772 ι
931 706 1066 778 Vocatos
1097 710 1236 778 Landul-
1322 777 1324 780 ,

212 824 314 911 phum
333 832 365 891 et
383 821 549 891 Arialdum
568 818 762 911 clementer&
774 823 1040 914 archiepiscopus
1070 827 1240 896 admonuit

212 955 253 1003 ne
272 935 350 1025 quid
369 957 465 1024 grave
484 957 543 1025 per
563 937 651 1026 ipsos
670 929 859 1006 scandalum
885 938 1039 1007 oriretur.
1078 962 1092 1004 r
1129 940 1238 1008 Nostri

213 1050 408 1131 sacerdotes,
442 1049 558 1139 inquit,
592 1070 695 1140 usque
726 1051 823 1119 hodie
853 1071 912 1120 nec
943 1060 1019 1120 sunt
1049 1072 1109 1120 nec
1138 1053 1241 1122 vocati

213 1171 290 1230 sunt
308 1162 468 1247 adulteri;
489 1165 545 1231 sed
566 1163 694 1232 curiose
714 1165 885 1232 observant
917 1167 1137 1254 apostolorum
1158 1189 1241 1264 prae·

212 1287 343 1366 ceptum
362 1288 399 1345 ut
423 1277 488 1346 siut
507 1277 605 1347 unius
624 1280 733 1347 uxoris
753 1279 825 1347 viri.
856 1280 947 1348 Unde
980 1281 1016 1350 B.
1052 1283 1241 1352 Ambrosius

212 1391 312 1460 dixit:
333 1392 427 1462 Nulli
447 1395 517 1462 lieet
536 1395 617 1463 seira
634 1397 816 1478 mulierem,
834 1405 953 1486 praeter
982 1418 1113 1466 oaorem
1125 1423 1139 1481 ,·
1169 1401 1239 1468 idco

212 1507 273 1575 tibi
302 1509 445 1598 conjuqii
474 1510 589 1578 dotum
617 1519 662 1579 est
691 1513 758 1600 jus,
791 1532 831 1578 ne
865 1513 903 1578 in
934 1513 1085 1602 loqueum
1114 1515 1242 1582 incidas

211 1621 400 1710 iniquitatis
419 1630 447 1690 ct
465 1643 538 1690 eune
556 1625 666 1691 alieno
685 1625 821 1692 muliere
852 1625 1022 1715 delinquas
1056 1624 1116 1714 (l).
1153 1627 1240 1696 Prae·
1282 1692 1284 1696 .

212 1747 313 1820 tenca,
335 1737 451 1834 iratres
472 1738 645 1820 carissimi,
674 1749 796 1829 quanta
829 1741 925 1822 mala,
958 1752 1089 1830 quantae
1108 1741 1241 1810 dissen-

214 1851 318 1920 tiones
333 1852 586 1936 nefandissimae,
605 1865 792 1944 quantaque
807 1853 982 1928 homicidia
994 1877 1031 1924 ex
1046 1856 1097 1924 his
1117 1857 1242 1946 possint

213 1965 319 2033 verbis
338 1965 418 2032 oriri
439 1966 596 2057 percipite
617 1967 677 2057 (i).
703 1995 718 2028 ι

258 2079 331 2146 Moti
371 2081 526 2169 primum,
553 2083 607 2150 sed
642 2102 715 2150 mox
740 2083 919 2171 juramenti
952 2103 1125 2166 memores,
1158 2085 1241 2152 Lan·

212 2195 354 2284 dulphus
375 2196 589 2285 Arialdusque
602 2218 637 2265 se
649 2217 830 2286 nunquam,
848 2199 951 2266 donec
963 2197 1026 2266 vita
1043 2210 1239 2288 superesset,

213 2311 367 2380 tacituros
387 2313 605 2382 declararunt.

257 2427 302 2496 Ea
312 2439 420 2496 autem
434 2439 636 2518 tempestate,
646 2449 748 2518 quum
761 2449 878 2517 magno
888 2429 1006 2500 civium
1017 2451 1110 2500 sexus
1122 2431 1242 2500 utrius-

212 2563 277 2633 que
298 2563 459 2613 concursu
476 2545 510 2612 B.
526 2545 654 2614 Nazarii
669 2545 837 2613 translatio
852 2546 1087 2628 celebraretur,
1101 2547 1159 2629 illi,
1182 2569 1240 2638 op-

212 2659 410 2748 portunitate
437 2659 500 2742 usi,
531 2662 713 2730 sacerdotes
739 2681 945 2750 quacumque
971 2683 1029 2750 per
1055 2663 1171 2730 urbem
1198 2664 1239 2731 oh

211 2774 401 2864 conjugium
421 2773 600 2860 diffamare,
617 2776 725 2844 clerici
747 2775 831 2844 vices
851 2777 986 2846 reddere
1008 2801 1022 2843 ι
1046 2778 1140 2867 quasi
1164 2800 1239 2847 sues

212 2911 287 2957 oum
300 2891 436 2958 oanihus
449 2892 695 2960 altercarentur.
708 2915 722 2956 ι
735 2891 803 2958 lmo
816 2891 968 2960 sacerdos
981 2892 1126 2981 quidam,
1137 2893 1239 2962 nimia
1297 2983 1302 2990 Ι

210 3022 289 3070 sane
305 3003 526 3100 indignatione
545 3014 737 3086 commotus,
760 3019 889 3093 gravem
912 3004 1040 3072 Arialdo
1062 3006 1236 3093 colaphum

211 3117 357 3206 impegit.
372 3119 461 3187 Tunc
480 3119 514 3186 in
528 3120 690 3187 theatrum
709 3130 928 3202 concurrunt;
957 3120 1068 3208 ibique
1088 3121 1237 3190 Arialdus

211 3233 403 3303 immodesta
419 3236 531 3318 multa,
546 3235 672 3303 ridente
690 3236 929 3327 plaudenteque
941 3237 1072 3324 populo,
1087 3239 1233 3325 protulit.

257 3349 394 3417 Finitam
414 3351 535 3419 Arialdi
555 3335 735 3420 orationem
756 3351 882 3420 iteravit
908 3352 1057 3440 graviore
1085 3373 1236 3422 sermone

212 3464 441 3555 landulphus:
466 3489 480 3532 ι
506 3465 678 3536 Carissimi
697 3468 846 3550 seniores,
868 3477 1049 3558 conceptum
1079 3469 1117 3536 in
1146 3470 1237 3554 corde

205 3601 381 3648 ammonem
400 3582 490 3650 ultro
508 3583 646 3651 retinere
664 3603 732 3650 non
747 3584 846 3651 volco.
878 3585 994 3652 Dicite
1014 3585 1123 3653 mihi:
1158 3585 1234 3655 Cre·
1278 3563 1287 3578 ’

204 3697 285 3764 ditis
303 3719 342 3766 ne
361 3699 398 3766 in
416 3699 516 3766 Deum
542 3699 679 3767 Triretme
696 3707 726 3768 et
737 3700 865 3769 donne
876 3701 1083 3791 Respondent
1093 3721 1207 3770 omnes
1223 3722 1231 3768 :

237 3961 274 4025 (l)
289 3962 319 4013 V.
333 3961 465 4024 Purieolli,
478 3961 636 4011 Dissertatio
645 3967 741 4012 utrum
757 3961 785 4012 S.
802 3961 926 4012 Amores.
941 3963 1014 4012 clero
1025 3975 1074 4011 suo
1089 3961 1234 4012 Mediolon.

202 4038 357 4105 permiserit
368 4047 399 4092 ut
410 4041 512 4106 oirpini
525 4040 625 4090 nubere
637 4042 720 4092 semel
733 4042 829 4104 possit.
842 4041 892 4104 Ap.
909 4041 1010 4092 Rerum
1026 4039 1117 4092 Italic.
1130 4041 1236 4104 script,

205 4127 223 4172 t.
234 4122 443 4267 g'hnduldh,
458 4214 498 4267 m,
512 4202 536 4252 6.
