3110 5066
779 615 880 680 ..13
899 651 940 664 ..

348 749 463 841 primis
512 750 709 841 impudicus,
755 751 936 820 daemonem
977 750 1084 840 ejecit,
1114 752 1275 842 pluraque
1312 751 1376 821 alia

347 862 497 953 prodigia
527 863 698 932 exhibuit?
733 863 876 932 Marinus
913 884 1044 954 quoque
1083 864 1263 955 presbyter,
1298 863 1377 934 licet

348 979 480 1068 publico
498 979 651 1069 conjugio
669 979 849 1061 devinctus,
868 999 905 1047 ea
924 978 1079 1052 divinitus
1092 979 1278 1069 dispensata
1297 1001 1375 1049 auc-

347 1095 476 1164 toritate
503 1095 628 1164 valebat
657 1104 694 1163 ut
716 1119 730 1162 r
752 1115 854 1185 quum
872 1095 1103 1190 sanctiticatam
1124 1116 1183 1185 per
1201 1117 1236 1164 se
1254 1116 1375 1186 aquam

347 1229 407 1299 per
425 1230 521 1298 agros
548 1220 747 1299 aspergeret,
779 1230 844 1279 non
868 1209 1005 1280 ulterius
1036 1211 1289 1282 vermiculorum
1319 1221 1376 1280 aut

347 1345 535 1410 erucarum,
555 1345 621 1394 non
640 1327 781 1416 denique
794 1327 994 1396 locustarum
1009 1327 1119 1415 trugas
1137 1327 1256 1396 laesura
1276 1326 1376 1416 pestis

348 1440 457 1530 aliqua
476 1451 671 1526 remaneret,
693 1443 749 1510 sed
770 1462 854 1526 mon,
880 1441 1010 1532 agmine
1034 1441 1130 1526 iacto,
1161 1461 1275 1510 omues
1300 1442 1376 1511 abs·

348 1557 501 1625 cederent
520 1557 580 1646 (l).
605 1581 622 1622 n

393 1675 431 1740 m
449 1672 595 1764 ejusdem
622 1673 736 1742 llarini
760 1673 924 1759 dominus,
946 1673 1126 1742 Hieremias
1144 1672 1289 1756 nomine,
1310 1671 1377 1740 ini-

349 1787 425 1856 mici
443 1788 614 1878 eujusdam
632 1789 768 1858 canibus
786 1789 854 1858 suis
873 1789 1108 1858 incantationes
1127 1797 1289 1871 metuens,
1306 1789 1375 1877 ple-

349 1923 427 1972 nam
447 1925 540 1995 aquae
559 1905 600 1973 ab
622 1904 694 1993 ipso
713 1906 880 1973 sacerdote
899 1915 1095 1973 conseeratae
1111 1904 1241 1973 situlam
1261 1902 1374 1992 peliit;

350 2039 448 2109 qnam
478 2020 633 2088 cantabro
653 2019 701 2108 (l)
724 2019 868 2104 mistam,
895 2044 909 2087 ι
940 2019 1132 2109 margaritas
1163 2031 1239 2088 ante
1258 2039 1376 2109 porcos

350 2133 511 2222 projicere
530 2153 597 2202 non
615 2133 806 2218 formidans,
830 2155 847 2200 u
867 2133 1015 2216 canibus,
1038 2153 1079 2202 ne
1095 2133 1263 2222 perirem,
1275 2153 1377 2223 appo·

351 2249 428 2317 suit.
448 2249 550 2319 Canes
575 2260 696 2333 autem,
722 2274 740 2313 u
770 2269 873 2339 quum
904 2251 942 2317 ad
970 2248 1093 2338 primos
1118 2248 1260 2338 impetus
1285 2248 1378 2317 avida

350 2364 480 2442 vixdum
507 2387 566 2434 ora
590 2367 744 2450 laxarent,
766 2375 798 2434 et
827 2365 943 2433 ferales
967 2364 1057 2433 cibos
1094 2365 1234 2433 necdum
1264 2364 1376 2454 lingua

352 2483 588 2573 contingerent,
610 2483 716 2573 primo
747 2483 882 2552 naribus
915 2484 1015 2552 odore
1039 2493 1205 2573 percepto,
1226 2482 1378 2572 protinus

352 2599 526 2668 interram
546 2620 660 2669 omnes
678 2599 797 2668 mortui
817 2609 1022 2668 corruerunt.
1049 2622 1063 2665 a

399 2716 495 2786 Plura
514 2717 689 2785 Damianus
703 2714 889 2804 hujusmodi
906 2714 1063 2783 miracula
1076 2713 1218 2802 subjicit,
1235 2735 1379 2804 quorum

354 2853 469 2917 unum,
490 2853 556 2923 quo
585 2830 689 2921 magis
713 2831 811 2921 hujus
831 2831 933 2899 aetatis
952 2849 1061 2898 mores
1080 2839 1302 2919 penetremus,
1324 2831 1379 2900 bie

354 2949 461 3018 adhue
479 2949 603 3017 referre
621 2946 727 3016 liceat.

401 3064 532 3133 allius
566 3082 699 3154 quoque
721 3061 890 3152 presbyter
926 3046 1008 3146 erat,
1048 3061 1169 3130 nullius
1199 3083 1283 3152 pene
1309 3083 1381 3132 mo·

356 3179 469 3264 menti,
490 3181 534 3247 ita
557 3189 594 3246 ut
630 3176 794 3247 saecularis
831 3175 1013 3268 prudentiae
1050 3196 1091 3246 ne
1128 3177 1218 3245 teum
1246 3176 1380 3267 quidem

356 3293 487 3362 calleret
504 3289 648 3380 ingenio,
670 3289 792 3357 litteras
811 3299 920 3356 autem
934 3287 987 3355 uin
1006 3287 1184 3378 syllabatim
1205 3309 1243 3356 ae
1262 3289 1382 3358 rustice

357 3407 544 3477 balbutiret.
566 3405 746 3495 Aliquando
764 3425 841 3473 vero
866 3403 1018 3492 gallinam
1049 3403 1132 3494 ejuS,
1153 3404 1235 3471 bora
1253 3425 1383 3494 vesper·

358 3524 439 3608 bna,
459 3521 568 3611 rapuit
592 3519 771 3609 aecipiter;
791 3511 865 3609 quae
884 3519 1005 3588 scilicet
1024 3519 1146 3608 injuria
1174 3519 1382 3589 amarissimo

358 3661 433 3710 eum
460 3639 534 3708 felle
563 3635 741 3705 iracundiae
771 3634 954 3720 commovit,
987 3644 1018 3704 et
1036 3636 1081 3704 ita
1101 3619 1195 3724 plane
1219 3645 1254 3704 ut
1280 3635 1385 3704 mina-

358 3766 450 3824 retur
481 3764 604 3836 saneto,
630 3752 664 3819 in
684 3750 777 3839 cujus
796 3749 929 3818 nomine
954 3749 1092 3818 dicatam
1122 3750 1256 3839 regebat
1286 3752 1387 3820 eccle·

360 3873 455 3956 siam,
493 3868 571 3960 qnia
604 3866 668 3948 nisi
706 3864 837 3935 sibimet
873 3864 960 3933 altile
981 3885 1105 3949 suum,
1140 3867 1226 3954 quod
1274 3866 1386 3954 perdi·

390 4161 427 4226 (l)
443 4150 501 4212 Lib.
515 4158 680 4221 Gratissim„
693 4170 751 4221 cap.
760 4156 800 4207 18.

390 4241 429 4306 (l)
445 4239 603 4292 Cantabrum
614 4241 654 4288 est
668 4237 778 4287 caninus
789 4237 873 4300 panis.
