3116 5050
782 663 823 674 -
843 625 882 687 72
905 662 954 684 -,

347 772 433 856 tante
464 761 614 843 bldredo,
646 759 812 828 Bremensi
843 759 970 841 abbate,
998 757 1055 846 qui
1069 753 1179 836 var-ils
1209 757 1372 845 quoddam

235 955 238 964 Δ
347 879 472 965 itineris
487 875 590 944 labori
617 866 833 943 levamentum
853 873 997 944 historiis
1023 873 1180 941 afferebat
1200 872 1259 958 (l).
1281 873 1376 940 Nam·

349 1015 412 1082 quc
431 1013 490 1082 per
520 991 648 1080 Alpium
668 1000 846 1078 praerupta,
879 987 996 1056 aestivis
1025 997 1102 1055 tunc
1121 998 1274 1074 cooperta
1293 987 1375 1054 nivi·-

349 1109 423 1191 bus,
454 1107 680 1175 difficillimum
715 1105 789 1188 iter,
826 1104 896 1171 viro
926 1103 1107 1191 praesertim
1137 1102 1270 1171 incurva
1306 1101 1375 1191 jam

313 1229 329 1256 ⁸
347 1233 511 1292 senectute
549 1224 715 1308 depresso,
757 1221 920 1308 longoque
957 1228 1115 1308 praeterea
1157 1217 1371 1301 abstinentiae,

346 1360 473 1408 necnon
491 1339 672 1406 ferreorum
691 1335 895 1402 vinculorum
913 1355 978 1426 usn
999 1334 1045 1402 sic
1065 1333 1186 1417 attrito,
1208 1343 1244 1402 ut
1270 1333 1374 1402 incer·

246 1526 248 1530 ,
346 1455 386 1522 tis
407 1452 544 1542 pedibus
563 1450 738 1532 vacillaret,
760 1470 866 1538 neque
891 1460 999 1539 posset
1028 1449 1195 1538 equitandi
1228 1449 1372 1518 laborem

347 1571 485 1637 tolerare
506 1566 566 1656 (b).

390 1683 450 1764 Oui
476 1704 578 1773 quum
603 1683 793 1752 Cluniacum
820 1682 1012 1766 advenisset,
1034 1681 1147 1750 mirari
1170 1681 1269 1770 coepit
1287 1683 1374 1770 quod

349 1797 510 1879 monachi,
547 1796 645 1864 tantis
687 1796 805 1884 opibus
844 1795 1061 1878 abundantes,
1092 1816 1131 1863 ea
1162 1793 1384 1862 nibilominus·

348 1912 530 2001 disciplina,
562 1911 744 2000 virtuteque
777 1931 814 1978 ac
844 1910 1012 1978 devotione
1046 1911 1214 1978 florerent.
1244 1934 1258 1976 c
1291 1909 1374 1992 Vidi,

348 2027 465 2116 inquit,
497 2027 709 2116 paradisum3
736 2025 800 2093 vidi
833 2027 964 2094 bortum
996 2025 1198 2110 deliciarum,
1232 2026 1375 2096 diversas

348 2162 498 2210 rosarum
530 2163 568 2209 ac
585 2142 729 2209 liliorum
758 2141 879 2229 gratias
898 2140 1148 2227 germinantem,
1173 2151 1205 2208 et
1226 2142 1378 2230 multipli-

285 2297 287 2301 ·
350 2280 403 2327 ces
440 2267 623 2325 aromatum
656 2279 701 2327 ac.
730 2257 971 2348 pigmentorum
1009 2257 1203 2346 fragrantias
1237 2257 1377 2326 suaviter

350 2373 548 2442 redolentem
569 2372 625 2457 (3).
660 2395 673 2436 v
699 2371 862 2440 llonacbis
890 2371 973 2438 nibil
991 2371 1179 2439 defuturum
1209 2371 1328 2454 aiebat,
1350 2373 1376 2440 si

352 2490 478 2557 duabus
507 2489 620 2555 saltem
657 2487 747 2556 seriis
784 2489 803 2555 b
839 2487 997 2575 sagimine
1034 2487 1288 2556 abstinerent«
1320 2487 1376 2556 Cui

351 2602 554 2697 venerandus
584 2601 690 2690 Hug0,
724 2600 927 2669 discretionis
965 2609 1073 2668 custos
1110 2602 1285 2690 egregius:
1325 2601 1375 2684 Si,

351 2717 467 2806 inquit,
487 2726 581 2806 poter
611 2717 810 2799 charissime,
834 2717 944 2797 oretria,
963 2717 1054 2784 mobis
1084 2738 1200 2806 augere
1229 2739 1378 2786 eoronam

352 2833 515 2915 mcrcedir,
528 2853 587 2920 per
604 2833 793 2900 addimento
804 2833 940 2923 jejunii,
962 2841 1079 2901 teototc
1102 2833 1197 2921 prim
1215 2835 1380 2901 uobiscum

352 2948 477 3037 pondos
508 2947 640 3030 laberio,
668 2969 727 3036 per
752 2957 817 3016 octo
843 2949 974 3016 dicrum
998 2949 1154 3038 spatium,
1175 2958 1205 3017 ct
1235 2950 1379 3039 deinceps

353 3063 555 3132 mctimobitia
583 3063 664 3151 quid
688 3063 907 3151 adjiciendum
937 3085 1058 3132 comem
1078 3064 1228 3132 detectis.
1256 3065 1379 3145 Quibus

355 3178 485 3262 auditis,
520 3179 662 3246 sentiens
688 3178 784 3246 lascis
820 3179 918 3268 hujus
950 3179 1139 3267 gravitatem
1170 3179 1238 3248 suis
1258 3179 1379 3248 viribus
1423 3237 1430 3250 .

354 3293 607 3383 importabilem,
635 3315 655 3362 a
684 3293 842 3382 petitione
871 3295 1060 3382 ingravandi
1092 3295 1246 3384 ponderis
1274 3316 1380 3366 cessa-

356 3408 402 3477 vit
418 3409 478 3498 (d).
504 3433 519 3476 a

281 3639 283 3646 ’
400 3631 616 3699 Convocatum
628 3631 663 3699 in
681 3631 938 3701 cabillonensem
958 3631 1118 3701 civitatem
1132 3633 1308 3701 concilium
1321 3643 1379 3702 est.

358 3749 489 3819 Lectum
519 3768 629 3816 coram
662 3748 810 3816 Patribus
840 3750 1070 3817 documentum
1103 3771 1168 3838 quo
1202 3747 1382 3818 Willelmus

391 3933 427 3997 (t)
442 3932 514 3984 Petri
526 3933 611 3996 llam,
624 3947 666 3998 op.
679 3945 753 3996 xxiv,
766 3947 822 3998 cap.
836 3933 861 3984 5.
1192 3995 1194 4002 ,

388 4014 425 4076 (2)
440 4013 511 4062 Petri
526 4012 610 4074 llam,
625 4013 700 4076 epist.
715 4026 751 4077 vr,
766 4013 790 4063 2.
803 4039 834 4052 -
850 4015 1002 4080 Anonymus
1015 4016 1204 4078 cluniacensis,
1219 4017 1248 4067 in
1264 4023 1384 4068 tractatu

360 4095 557 4145 miraculorum
569 4093 598 4144 S.
610 4093 744 4158 Hoponta.

392 4174 429 4239 (3)
444 4173 515 4225 Petri
526 4175 611 4238 llam„
624 4187 666 4238 cp.
682 4186 719 4237 vt,
730 4173 755 4224 t.

391 4255 428 4322 (t)
443 4255 580 4320 Aeonum.
597 4253 722 4306 Ctuntoc.
