<?xml version="1.0" encoding="UTF-8"?>
<!DOCTYPE html PUBLIC "-//W3C//DTD XHTML 1.0 Transitional//EN"
    "http://www.w3.org/TR/xhtml1/DTD/xhtml1-transitional.dtd">
<html xmlns="http://www.w3.org/1999/xhtml" xml:lang="en" lang="en">
 <head>
  <title>
</title>
<meta http-equiv="Content-Type" content="text/html;charset=utf-8" />
  <meta name='ocr-system' content='tesseract 3.04.00' />
  <meta name='ocr-capabilities' content='ocr_page ocr_carea ocr_par ocr_line ocrx_word'/>
</head>
<body>
  <div class='ocr_page' id='page_1' title='image "./depetrodamianoo00guergoog_0110.png"; bbox 0 0 3116 5050; ppageno 0'>
   <div class='ocr_carea' id='block_1_1' title="bbox 647 597 806 664">
    <p class='ocr_par' dir='ltr' id='par_1_1' title="bbox 647 597 806 664">
     <span class='ocr_line' id='line_1_1' title="bbox 647 597 806 664; baseline -0.013 -16"><span class='ocrx_word' id='word_1_1' title='bbox 647 597 806 664; x_wconf 74' lang='lat'>..91-</span> 
     </span>
    </p>
   </div>
   <div class='ocr_carea' id='block_1_2' title="bbox 205 727 1240 1402">
    <p class='ocr_par' dir='ltr' id='par_1_2' title="bbox 205 727 1240 1402">
     <span class='ocr_line' id='line_1_2' title="bbox 255 727 1240 826; baseline -0.001 -23"><span class='ocrx_word' id='word_1_2' title='bbox 255 735 403 805; x_wconf 80' lang='lat' dir='ltr'>Proxima</span> <span class='ocrx_word' id='word_1_3' title='bbox 421 747 494 826; x_wconf 90' lang='lat' dir='ltr'>post</span> <span class='ocrx_word' id='word_1_4' title='bbox 511 737 630 806; x_wconf 85' lang='lat' dir='ltr'>festum</span> <span class='ocrx_word' id='word_1_5' title='bbox 649 735 682 805; x_wconf 91' lang='lat' dir='ltr'>S.</span> <span class='ocrx_word' id='word_1_6' title='bbox 704 735 865 805; x_wconf 82' lang='lat' dir='ltr'>Michaelis</span> <span class='ocrx_word' id='word_1_7' title='bbox 884 736 1099 814; x_wconf 80' lang='lat' dir='ltr'>hebdomade,</span> <span class='ocrx_word' id='word_1_8' title='bbox 1119 727 1240 802; x_wconf 82' lang='lat' dir='ltr'>indicta</span> 
     </span>
     <span class='ocr_line' id='line_1_3' title="bbox 210 850 1238 944; baseline -0.004 -26"><span class='ocrx_word' id='word_1_9' title='bbox 210 851 396 938; x_wconf 83' lang='lat' dir='ltr'>Moguntina</span> <span class='ocrx_word' id='word_1_10' title='bbox 427 854 581 944; x_wconf 70' lang='lat' dir='ltr'>synodus.</span> <span class='ocrx_word' id='word_1_11' title='bbox 625 850 818 920; x_wconf 88' lang='lat' dir='ltr'>lmminente</span> <span class='ocrx_word' id='word_1_12' title='bbox 846 851 915 939; x_wconf 84' lang='lat' dir='ltr'>jam</span> <span class='ocrx_word' id='word_1_13' title='bbox 953 851 1018 933; x_wconf 90' lang='lat' dir='ltr'>die,</span> <span class='ocrx_word' id='word_1_14' title='bbox 1051 869 1153 939; x_wconf 88' lang='lat' dir='ltr'>quum</span> <span class='ocrx_word' id='word_1_15' title='bbox 1182 867 1238 915; x_wconf 87' lang='lat' dir='ltr'>rex</span> 
     </span>
     <span class='ocr_line' id='line_1_4' title="bbox 209 963 1235 1056; baseline -0.005 -20"><span class='ocrx_word' id='word_1_16' title='bbox 209 967 406 1054; x_wconf 83' lang='lat' dir='ltr'>Moguutiam</span> <span class='ocrx_word' id='word_1_17' title='bbox 442 978 645 1056; x_wconf 84' lang='lat' dir='ltr'>properaret,</span> <span class='ocrx_word' id='word_1_18' title='bbox 678 966 799 1036; x_wconf 90' lang='lat' dir='ltr'>audivit</span> <span class='ocrx_word' id='word_1_19' title='bbox 833 966 902 1056; x_wconf 87' lang='lat' dir='ltr'>jam</span> <span class='ocrx_word' id='word_1_20' title='bbox 940 965 1106 1034; x_wconf 89' lang='lat' dir='ltr'>advenisse</span> <span class='ocrx_word' id='word_1_21' title='bbox 1144 963 1235 1032; x_wconf 89' lang='lat' dir='ltr'>Sedis</span> 
     </span>
     <span class='ocr_line' id='line_1_5' title="bbox 210 1078 1234 1172; baseline -0.007 -21"><span class='ocrx_word' id='word_1_22' title='bbox 210 1083 400 1172; x_wconf 86' lang='lat' dir='ltr'>Apostolicae</span> <span class='ocrx_word' id='word_1_23' title='bbox 429 1083 584 1170; x_wconf 86' lang='lat' dir='ltr'>legatum,</span> <span class='ocrx_word' id='word_1_24' title='bbox 618 1081 676 1170; x_wconf 76' lang='lat' dir='ltr'>qui·</span> <span class='ocrx_word' id='word_1_25' title='bbox 707 1081 879 1150; x_wconf 92' lang='lat' dir='ltr'>divortium</span> <span class='ocrx_word' id='word_1_26' title='bbox 916 1080 987 1148; x_wconf 89' lang='lat' dir='ltr'>fieri</span> <span class='ocrx_word' id='word_1_27' title='bbox 1033 1078 1234 1167; x_wconf 88' lang='lat' dir='ltr'>prohiberet,</span> 
     </span>
     <span class='ocr_line' id='line_1_6' title="bbox 208 1193 1236 1286; baseline -0.006 -20"><span class='ocrx_word' id='word_1_28' title='bbox 208 1199 462 1286; x_wconf 81' lang='lat' dir='ltr'>Moguuliuoque</span> <span class='ocrx_word' id='word_1_29' title='bbox 504 1198 721 1286; x_wconf 84' lang='lat' dir='ltr'>pontificalem</span> <span class='ocrx_word' id='word_1_30' title='bbox 760 1195 1072 1264; x_wconf 90' lang='lat' dir='ltr'>animadversionem</span> <span class='ocrx_word' id='word_1_31' title='bbox 1108 1193 1236 1260; x_wconf 90' lang='lat' dir='ltr'>minita-</span> 
     </span>
     <span class='ocr_line' id='line_1_7' title="bbox 205 1311 1232 1402; baseline -0.004 -23"><span class='ocrx_word' id='word_1_32' title='bbox 205 1323 308 1394; x_wconf 85' lang='lat' dir='ltr'>retur,</span> <span class='ocrx_word' id='word_1_33' title='bbox 330 1315 416 1401; x_wconf 91' lang='lat' dir='ltr'>quod</span> <span class='ocrx_word' id='word_1_34' title='bbox 445 1323 511 1380; x_wconf 91' lang='lat' dir='ltr'>tam</span> <span class='ocrx_word' id='word_1_35' title='bbox 528 1313 661 1381; x_wconf 84' lang='lat' dir='ltr'>nelariae</span> <span class='ocrx_word' id='word_1_36' title='bbox 678 1311 893 1402; x_wconf 80' lang='lat' dir='ltr'>separationis</span> <span class='ocrx_word' id='word_1_37' title='bbox 912 1323 1078 1379; x_wconf 88' lang='lat' dir='ltr'>auctorem</span> <span class='ocrx_word' id='word_1_38' title='bbox 1098 1331 1132 1377; x_wconf 88' lang='lat' dir='ltr'>se</span> <span class='ocrx_word' id='word_1_39' title='bbox 1156 1329 1232 1397; x_wconf 93' lang='lat' dir='ltr'>pro-</span> 
     </span>
    </p>
   </div>
   <div class='ocr_carea' id='block_1_3' title="bbox 204 1426 1235 1620">
    <p class='ocr_par' dir='ltr' id='par_1_3' title="bbox 204 1426 1235 1620">
     <span class='ocr_line' id='line_1_8' title="bbox 206 1426 1235 1506; baseline 0 -12"><span class='ocrx_word' id='word_1_40' title='bbox 206 1427 358 1496; x_wconf 89' lang='lat' dir='ltr'>misisset.</span> <span class='ocrx_word' id='word_1_41' title='bbox 380 1426 448 1506; x_wconf 83' lang='lat' dir='ltr'>Oua</span> <span class='ocrx_word' id='word_1_42' title='bbox 474 1449 511 1496; x_wconf 93' lang='lat' dir='ltr'>re</span> <span class='ocrx_word' id='word_1_43' title='bbox 537 1438 760 1496; x_wconf 88' lang='lat' dir='ltr'>consternatus</span> <span class='ocrx_word' id='word_1_44' title='bbox 780 1427 813 1495; x_wconf 93' lang='lat' dir='ltr'>in</span> <span class='ocrx_word' id='word_1_45' title='bbox 834 1426 1003 1496; x_wconf 83' lang='lat' dir='ltr'>Saxomam</span> <span class='ocrx_word' id='word_1_46' title='bbox 1022 1426 1131 1493; x_wconf 92' lang='lat' dir='ltr'>redire</span> <span class='ocrx_word' id='word_1_47' title='bbox 1149 1426 1235 1494; x_wconf 87' lang='lat' dir='ltr'>vole-</span> 
     </span>
     <span class='ocr_line' id='line_1_9' title="bbox 204 1532 1234 1620; baseline 0 -19"><span class='ocrx_word' id='word_1_48' title='bbox 204 1535 280 1615; x_wconf 90' lang='lat' dir='ltr'>bat;</span> <span class='ocrx_word' id='word_1_49' title='bbox 301 1535 368 1617; x_wconf 90' lang='lat' dir='ltr'>sed,</span> <span class='ocrx_word' id='word_1_50' title='bbox 386 1536 597 1603; x_wconf 73' lang='lat' dir='ltr'>suadentibus</span> <span class='ocrx_word' id='word_1_51' title='bbox 611 1535 734 1617; x_wconf 88' lang='lat' dir='ltr'>amicis,</span> <span class='ocrx_word' id='word_1_52' title='bbox 754 1533 1001 1602; x_wconf 80' lang='lat' dir='ltr'>Francolurtum</span> <span class='ocrx_word' id='word_1_53' title='bbox 1022 1532 1112 1616; x_wconf 87' lang='lat' dir='ltr'>abiit,</span> <span class='ocrx_word' id='word_1_54' title='bbox 1129 1553 1234 1620; x_wconf 89' lang='lat' dir='ltr'>eoque</span> 
     </span>
    </p>
   </div>
   <div class='ocr_carea' id='block_1_4' title="bbox 192 1634 1232 3578">
    <p class='ocr_par' dir='ltr' id='par_1_4' title="bbox 192 1634 1232 3232">
     <span class='ocr_line' id='line_1_10' title="bbox 192 1634 1232 1736; baseline -0.002 -25"><span class='ocrx_word' id='word_1_55' title='bbox 192 1634 265 1712; x_wconf 78' lang='lat' dir='ltr'>llos</span> <span class='ocrx_word' id='word_1_56' title='bbox 276 1646 459 1714; x_wconf 82' lang='lat' dir='ltr'>convocavit</span> <span class='ocrx_word' id='word_1_57' title='bbox 473 1647 529 1736; x_wconf 88' lang='lat' dir='ltr'>qui</span> <span class='ocrx_word' id='word_1_58' title='bbox 546 1647 741 1736; x_wconf 84' lang='lat' dir='ltr'>Moguutiam</span> <span class='ocrx_word' id='word_1_59' title='bbox 758 1655 983 1714; x_wconf 88' lang='lat' dir='ltr'>convenerant.</span> <span class='ocrx_word' id='word_1_60' title='bbox 999 1643 1080 1710; x_wconf 88' lang='lat' dir='ltr'>Tum</span> <span class='ocrx_word' id='word_1_61' title='bbox 1095 1644 1232 1710; x_wconf 87' lang='lat' dir='ltr'>Romani</span> 
     </span>
     <span class='ocr_line' id='line_1_11' title="bbox 205 1759 1231 1850; baseline -0.003 -23"><span class='ocrx_word' id='word_1_62' title='bbox 205 1760 369 1830; x_wconf 87' lang='lat' dir='ltr'>Pontilicis</span> <span class='ocrx_word' id='word_1_63' title='bbox 395 1766 544 1831; x_wconf 90' lang='lat' dir='ltr'>mandata</span> <span class='ocrx_word' id='word_1_64' title='bbox 564 1763 738 1832; x_wconf 89' lang='lat' dir='ltr'>Damianus</span> <span class='ocrx_word' id='word_1_65' title='bbox 758 1761 903 1850; x_wconf 87' lang='lat' dir='ltr'>aperuit:</span> <span class='ocrx_word' id='word_1_66' title='bbox 929 1785 942 1825; x_wconf 79' lang='lat' dir='ltr'>c</span> <span class='ocrx_word' id='word_1_67' title='bbox 966 1759 1142 1827; x_wconf 84' lang='lat' dir='ltr'>Pessimum</span> <span class='ocrx_word' id='word_1_68' title='bbox 1162 1779 1231 1826; x_wconf 87' lang='lat' dir='ltr'>rem</span> 
     </span>
     <span class='ocr_line' id='line_1_12' title="bbox 205 1873 1232 1964; baseline -0.004 -21"><span class='ocrx_word' id='word_1_69' title='bbox 205 1888 236 1944; x_wconf 90' lang='lat' dir='ltr'>et</span> <span class='ocrx_word' id='word_1_70' title='bbox 255 1898 274 1943; x_wconf 89' lang='lat' dir='ltr'>a</span> <span class='ocrx_word' id='word_1_71' title='bbox 292 1879 424 1946; x_wconf 92' lang='lat' dir='ltr'>nomine</span> <span class='ocrx_word' id='word_1_72' title='bbox 444 1877 633 1960; x_wconf 88' lang='lat' dir='ltr'>christiano,</span> <span class='ocrx_word' id='word_1_73' title='bbox 648 1879 768 1946; x_wconf 88' lang='lat' dir='ltr'>nedum</span> <span class='ocrx_word' id='word_1_74' title='bbox 784 1877 823 1944; x_wconf 92' lang='lat' dir='ltr'>ab</span> <span class='ocrx_word' id='word_1_75' title='bbox 843 1875 933 1964; x_wconf 84' lang='lat' dir='ltr'>regio</span> <span class='ocrx_word' id='word_1_76' title='bbox 952 1875 1090 1958; x_wconf 91' lang='lat' dir='ltr'>multum</span> <span class='ocrx_word' id='word_1_77' title='bbox 1111 1873 1232 1940; x_wconf 89' lang='lat' dir='ltr'>abbor-</span> 
     </span>
     <span class='ocr_line' id='line_1_13' title="bbox 201 1989 1232 2084; baseline -0.005 -25"><span class='ocrx_word' id='word_1_78' title='bbox 201 2003 340 2076; x_wconf 90' lang='lat' dir='ltr'>rentem‚</span> <span class='ocrx_word' id='word_1_79' title='bbox 357 2015 456 2084; x_wconf 87' lang='lat' dir='ltr'>quam</span> <span class='ocrx_word' id='word_1_80' title='bbox 474 1994 638 2062; x_wconf 91' lang='lat' dir='ltr'>moliatur.</span> <span class='ocrx_word' id='word_1_81' title='bbox 661 1993 717 2060; x_wconf 91' lang='lat' dir='ltr'>Sin</span> <span class='ocrx_word' id='word_1_82' title='bbox 736 1993 845 2060; x_wconf 93' lang='lat' dir='ltr'>miuus</span> <span class='ocrx_word' id='word_1_83' title='bbox 865 1991 1017 2060; x_wconf 86' lang='lat' dir='ltr'>humanis</span> <span class='ocrx_word' id='word_1_84' title='bbox 1036 1990 1162 2078; x_wconf 87' lang='lat' dir='ltr'>legibus</span> <span class='ocrx_word' id='word_1_85' title='bbox 1182 1989 1232 2057; x_wconf 90' lang='lat' dir='ltr'>vel</span> 
     </span>
     <span class='ocr_line' id='line_1_14' title="bbox 201 2106 1230 2202; baseline -0.003 -24"><span class='ocrx_word' id='word_1_86' title='bbox 201 2129 363 2178; x_wconf 85' lang='lat' dir='ltr'>canonum</span> <span class='ocrx_word' id='word_1_87' title='bbox 383 2109 605 2178; x_wconf 82' lang='lat' dir='ltr'>sanctionibus</span> <span class='ocrx_word' id='word_1_88' title='bbox 625 2119 814 2190; x_wconf 88' lang='lat' dir='ltr'>terreretur,</span> <span class='ocrx_word' id='word_1_89' title='bbox 836 2119 983 2202; x_wconf 82' lang='lat' dir='ltr'>parceret</span> <span class='ocrx_word' id='word_1_90' title='bbox 1002 2108 1114 2175; x_wconf 90' lang='lat' dir='ltr'>saltem</span> <span class='ocrx_word' id='word_1_91' title='bbox 1136 2106 1230 2175; x_wconf 91' lang='lat' dir='ltr'>lamae</span> 
     </span>
     <span class='ocr_line' id='line_1_15' title="bbox 201 2221 1229 2313; baseline -0.002 -23"><span class='ocrx_word' id='word_1_92' title='bbox 201 2235 233 2290; x_wconf 92' lang='lat' dir='ltr'>et</span> <span class='ocrx_word' id='word_1_93' title='bbox 260 2223 486 2292; x_wconf 83' lang='lat' dir='ltr'>existimationi</span> <span class='ocrx_word' id='word_1_94' title='bbox 512 2225 665 2313; x_wconf 87' lang='lat' dir='ltr'>propriae,</span> <span class='ocrx_word' id='word_1_95' title='bbox 687 2245 726 2292; x_wconf 92' lang='lat' dir='ltr'>ne</span> <span class='ocrx_word' id='word_1_96' title='bbox 747 2224 869 2292; x_wconf 91' lang='lat' dir='ltr'>scilicet</span> <span class='ocrx_word' id='word_1_97' title='bbox 896 2236 959 2290; x_wconf 91' lang='lat' dir='ltr'>tam</span> <span class='ocrx_word' id='word_1_98' title='bbox 987 2222 1063 2291; x_wconf 85' lang='lat' dir='ltr'>loedi</span> <span class='ocrx_word' id='word_1_99' title='bbox 1093 2221 1229 2310; x_wconf 86' lang='lat' dir='ltr'>exempli</span> 
     </span>
     <span class='ocr_line' id='line_1_16' title="bbox 199 2340 1230 2428; baseline 0.001 -23"><span class='ocrx_word' id='word_1_100' title='bbox 199 2359 372 2422; x_wconf 87' lang='lat' dir='ltr'>venenum,</span> <span class='ocrx_word' id='word_1_101' title='bbox 393 2341 433 2407; x_wconf 93' lang='lat' dir='ltr'>ab</span> <span class='ocrx_word' id='word_1_102' title='bbox 457 2361 534 2428; x_wconf 84' lang='lat' dir='ltr'>rege</span> <span class='ocrx_word' id='word_1_103' title='bbox 561 2349 690 2426; x_wconf 89' lang='lat' dir='ltr'>sumpto</span> <span class='ocrx_word' id='word_1_104' title='bbox 716 2340 820 2421; x_wconf 90' lang='lat' dir='ltr'>initio,</span> <span class='ocrx_word' id='word_1_105' title='bbox 842 2349 945 2406; x_wconf 91' lang='lat' dir='ltr'>totum</span> <span class='ocrx_word' id='word_1_106' title='bbox 978 2345 1230 2406; x_wconf 83' lang='lat' dir='ltr'>commacularet</span> 
     </span>
     <span class='ocr_line' id='line_1_17' title="bbox 198 2451 1225 2542; baseline -0.002 -22"><span class='ocrx_word' id='word_1_107' title='bbox 198 2453 355 2540; x_wconf 91' lang='lat' dir='ltr'>populum</span> <span class='ocrx_word' id='word_1_108' title='bbox 383 2453 620 2534; x_wconf 88' lang='lat' dir='ltr'>christianum;</span> <span class='ocrx_word' id='word_1_109' title='bbox 649 2464 680 2520; x_wconf 89' lang='lat' dir='ltr'>et</span> <span class='ocrx_word' id='word_1_110' title='bbox 707 2453 762 2542; x_wconf 94' lang='lat' dir='ltr'>qui</span> <span class='ocrx_word' id='word_1_111' title='bbox 781 2453 868 2519; x_wconf 92' lang='lat' dir='ltr'>ultor</span> <span class='ocrx_word' id='word_1_112' title='bbox 887 2473 956 2520; x_wconf 91' lang='lat' dir='ltr'>esse</span> <span class='ocrx_word' id='word_1_113' title='bbox 975 2451 1142 2518; x_wconf 87' lang='lat' dir='ltr'>debuisset</span> <span class='ocrx_word' id='word_1_114' title='bbox 1167 2451 1225 2519; x_wconf 94' lang='lat' dir='ltr'>cri-</span> 
     </span>
     <span class='ocr_line' id='line_1_18' title="bbox 199 2566 1222 2657; baseline 0.001 -24"><span class='ocrx_word' id='word_1_115' title='bbox 199 2567 337 2650; x_wconf 89' lang='lat' dir='ltr'>minum,</span> <span class='ocrx_word' id='word_1_116' title='bbox 370 2569 440 2656; x_wconf 86' lang='lat' dir='ltr'>ipse</span> <span class='ocrx_word' id='word_1_117' title='bbox 477 2580 591 2636; x_wconf 88' lang='lat' dir='ltr'>auctor</span> <span class='ocrx_word' id='word_1_118' title='bbox 627 2581 658 2638; x_wconf 92' lang='lat' dir='ltr'>et</span> <span class='ocrx_word' id='word_1_119' title='bbox 683 2568 818 2657; x_wconf 80' lang='lat' dir='ltr'>signifer</span> <span class='ocrx_word' id='word_1_120' title='bbox 852 2566 944 2635; x_wconf 88' lang='lat' dir='ltr'>fieret</span> <span class='ocrx_word' id='word_1_121' title='bbox 975 2568 1015 2635; x_wconf 93' lang='lat' dir='ltr'>ad</span> <span class='ocrx_word' id='word_1_122' title='bbox 1053 2567 1222 2654; x_wconf 75' lang='lat' dir='ltr'>flagitium.</span> 
     </span>
     <span class='ocr_line' id='line_1_19' title="bbox 198 2683 1226 2776; baseline 0 -28"><span class='ocrx_word' id='word_1_123' title='bbox 198 2683 377 2766; x_wconf 89' lang='lat' dir='ltr'>Postremo,</span> <span class='ocrx_word' id='word_1_124' title='bbox 417 2685 444 2752; x_wconf 94' lang='lat' dir='ltr'>si</span> <span class='ocrx_word' id='word_1_125' title='bbox 482 2705 545 2751; x_wconf 96' lang='lat' dir='ltr'>non</span> <span class='ocrx_word' id='word_1_126' title='bbox 583 2685 769 2753; x_wconf 89' lang='lat' dir='ltr'>flecteretur</span> <span class='ocrx_word' id='word_1_127' title='bbox 807 2683 954 2764; x_wconf 92' lang='lat' dir='ltr'>consilio,</span> <span class='ocrx_word' id='word_1_128' title='bbox 977 2704 1010 2751; x_wconf 91' lang='lat' dir='ltr'>se</span> <span class='ocrx_word' id='word_1_129' title='bbox 1042 2683 1226 2776; x_wconf 90' lang='lat' dir='ltr'>necessario</span> 
     </span>
     <span class='ocr_line' id='line_1_20' title="bbox 197 2796 1225 2868; baseline 0.002 -6"><span class='ocrx_word' id='word_1_130' title='bbox 197 2796 261 2863; x_wconf 93' lang='lat' dir='ltr'>vim</span> <span class='ocrx_word' id='word_1_131' title='bbox 282 2798 530 2866; x_wconf 87' lang='lat' dir='ltr'>ecclesiasticam</span> <span class='ocrx_word' id='word_1_132' title='bbox 562 2799 797 2868; x_wconf 90' lang='lat' dir='ltr'>adhibiturum.</span> <span class='ocrx_word' id='word_1_133' title='bbox 823 2799 869 2867; x_wconf 89' lang='lat' dir='ltr'>lld</span> <span class='ocrx_word' id='word_1_134' title='bbox 889 2799 959 2866; x_wconf 85' lang='lat' dir='ltr'>hacc</span> <span class='ocrx_word' id='word_1_135' title='bbox 978 2798 1046 2865; x_wconf 92' lang='lat' dir='ltr'>suis</span> <span class='ocrx_word' id='word_1_136' title='bbox 1073 2797 1225 2864; x_wconf 89' lang='lat' dir='ltr'>manibus</span> 
     </span>
     <span class='ocr_line' id='line_1_21' title="bbox 196 2907 1223 3002; baseline 0.003 -23"><span class='ocrx_word' id='word_1_137' title='bbox 196 2933 375 3001; x_wconf 87' lang='lat' dir='ltr'>numquam</span> <span class='ocrx_word' id='word_1_138' title='bbox 395 2907 625 3001; x_wconf 90' lang='lat' dir='ltr'>imperatorem</span> <span class='ocrx_word' id='word_1_139' title='bbox 645 2916 900 2982; x_wconf 86' lang='lat' dir='ltr'>consecrandum</span> <span class='ocrx_word' id='word_1_140' title='bbox 912 2914 982 2982; x_wconf 91' lang='lat' dir='ltr'>lore</span> <span class='ocrx_word' id='word_1_141' title='bbox 1001 2912 1055 3002; x_wconf 89' lang='lat' dir='ltr'>qui</span> <span class='ocrx_word' id='word_1_142' title='bbox 1070 2923 1136 2980; x_wconf 90' lang='lat' dir='ltr'>tam</span> <span class='ocrx_word' id='word_1_143' title='bbox 1150 2934 1223 3001; x_wconf 91' lang='lat' dir='ltr'>pes-</span> 
     </span>
     <span class='ocr_line' id='line_1_22' title="bbox 196 3027 1221 3122; baseline 0.002 -28"><span class='ocrx_word' id='word_1_144' title='bbox 196 3027 298 3095; x_wconf 91' lang='lat' dir='ltr'>tilenti</span> <span class='ocrx_word' id='word_1_145' title='bbox 319 3030 478 3116; x_wconf 87' lang='lat' dir='ltr'>exemplo,</span> <span class='ocrx_word' id='word_1_146' title='bbox 499 3040 658 3118; x_wconf 90' lang='lat' dir='ltr'>quantum</span> <span class='ocrx_word' id='word_1_147' title='bbox 678 3029 711 3096; x_wconf 94' lang='lat' dir='ltr'>in</span> <span class='ocrx_word' id='word_1_148' title='bbox 732 3051 765 3097; x_wconf 91' lang='lat' dir='ltr'>se</span> <span class='ocrx_word' id='word_1_149' title='bbox 784 3039 879 3122; x_wconf 87' lang='lat' dir='ltr'>esset,</span> <span class='ocrx_word' id='word_1_150' title='bbox 895 3029 992 3096; x_wconf 88' lang='lat' dir='ltr'>fidem</span> <span class='ocrx_word' id='word_1_151' title='bbox 1011 3029 1221 3097; x_wconf 89' lang='lat' dir='ltr'>christianam</span> 
     </span>
     <span class='ocr_line' id='line_1_23' title="bbox 194 3142 505 3232; baseline -0.01 -22"><span class='ocrx_word' id='word_1_152' title='bbox 194 3142 389 3230; x_wconf 87' lang='lat' dir='ltr'>prodidisset</span> <span class='ocrx_word' id='word_1_153' title='bbox 408 3142 464 3232; x_wconf 87' lang='lat' dir='ltr'>(l).</span> <span class='ocrx_word' id='word_1_154' title='bbox 488 3169 505 3207; x_wconf 76' lang='lat' dir='ltr'>a</span> 
     </span>
    </p>

    <p class='ocr_par' dir='ltr' id='par_1_5' title="bbox 195 3259 1222 3578">
     <span class='ocr_line' id='line_1_24' title="bbox 239 3259 1222 3350; baseline 0.002 -24"><span class='ocrx_word' id='word_1_155' title='bbox 239 3259 317 3339; x_wconf 84' lang='lat' dir='ltr'>Ouae</span> <span class='ocrx_word' id='word_1_156' title='bbox 344 3280 445 3348; x_wconf 91' lang='lat' dir='ltr'>quum</span> <span class='ocrx_word' id='word_1_157' title='bbox 481 3281 593 3328; x_wconf 93' lang='lat' dir='ltr'>omnes</span> <span class='ocrx_word' id='word_1_158' title='bbox 625 3261 902 3349; x_wconf 90' lang='lat' dir='ltr'>comprobassent,</span> <span class='ocrx_word' id='word_1_159' title='bbox 930 3281 984 3328; x_wconf 83' lang='lat' dir='ltr'>rex</span> <span class='ocrx_word' id='word_1_160' title='bbox 1015 3262 1061 3329; x_wconf 87' lang='lat' dir='ltr'>ab&#39;</span> <span class='ocrx_word' id='word_1_161' title='bbox 1094 3262 1222 3350; x_wconf 90' lang='lat' dir='ltr'>incepto</span> 
     </span>
     <span class='ocr_line' id='line_1_25' title="bbox 195 3373 1220 3463; baseline 0.002 -23"><span class='ocrx_word' id='word_1_162' title='bbox 195 3373 327 3454; x_wconf 89' lang='lat' dir='ltr'>destitit,</span> <span class='ocrx_word' id='word_1_163' title='bbox 349 3373 487 3462; x_wconf 78' lang='lat' dir='ltr'>ficteque</span> <span class='ocrx_word' id='word_1_164' title='bbox 506 3374 711 3443; x_wconf 88' lang='lat' dir='ltr'>reconciliata</span> <span class='ocrx_word' id='word_1_165' title='bbox 730 3395 804 3444; x_wconf 89' lang='lat' dir='ltr'>cum</span> <span class='ocrx_word' id='word_1_166' title='bbox 825 3374 1029 3463; x_wconf 87' lang='lat' dir='ltr'>imperatrice</span> <span class='ocrx_word' id='word_1_167' title='bbox 1048 3375 1164 3462; x_wconf 81' lang='lat' dir='ltr'>gratia,</span> <span class='ocrx_word' id='word_1_168' title='bbox 1187 3375 1220 3442; x_wconf 94' lang='lat' dir='ltr'>in</span> 
     </span>
     <span class='ocr_line' id='line_1_26' title="bbox 195 3465 687 3578; baseline 0 -20"><span class='ocrx_word' id='word_1_169' title='bbox 195 3488 366 3558; x_wconf 86' lang='lat' dir='ltr'>Saxouiam</span> <span class='ocrx_word' id='word_1_170' title='bbox 386 3491 550 3578; x_wconf 86' lang='lat' dir='ltr'>profectus</span> <span class='ocrx_word' id='word_1_171' title='bbox 569 3503 629 3559; x_wconf 88' lang='lat' dir='ltr'>est.</span> <span class='ocrx_word' id='word_1_172' title='bbox 678 3465 687 3483; x_wconf 61' lang='grc'>’</span> 
     </span>
    </p>
   </div>
   <div class='ocr_carea' id='block_1_5' title="bbox 191 3702 1218 3914">
    <p class='ocr_par' dir='ltr' id='par_1_6' title="bbox 191 3702 1218 3914">
     <span class='ocr_line' id='line_1_27' title="bbox 236 3702 1215 3789; baseline 0.003 -21"><span class='ocrx_word' id='word_1_173' title='bbox 236 3702 280 3768; x_wconf 87' lang='lat' dir='ltr'>lld</span> <span class='ocrx_word' id='word_1_174' title='bbox 306 3703 494 3773; x_wconf 88' lang='lat' dir='ltr'>Avellanum</span> <span class='ocrx_word' id='word_1_175' title='bbox 520 3703 653 3774; x_wconf 84' lang='lat' dir='ltr'>Fontem</span> <span class='ocrx_word' id='word_1_176' title='bbox 681 3723 840 3789; x_wconf 88' lang='lat' dir='ltr'>reversus,</span> <span class='ocrx_word' id='word_1_177' title='bbox 863 3704 1038 3772; x_wconf 89' lang='lat' dir='ltr'>Damianus</span> <span class='ocrx_word' id='word_1_178' title='bbox 1064 3722 1138 3769; x_wconf 92' lang='lat' dir='ltr'>cum</span> <span class='ocrx_word' id='word_1_179' title='bbox 1158 3704 1215 3771; x_wconf 89' lang='lat' dir='ltr'>dis·</span> 
     </span>
     <span class='ocr_line' id='line_1_28' title="bbox 191 3815 1218 3914; baseline 0.013 -28"><span class='ocrx_word' id='word_1_180' title='bbox 191 3815 307 3906; x_wconf 88' lang='lat' dir='ltr'>cipulis</span> <span class='ocrx_word' id='word_1_181' title='bbox 337 3821 468 3889; x_wconf 94' lang='lat' dir='ltr'>ultimos</span> <span class='ocrx_word' id='word_1_182' title='bbox 500 3823 602 3890; x_wconf 84' lang='lat' dir='ltr'>aetalis</span> <span class='ocrx_word' id='word_1_183' title='bbox 633 3844 735 3893; x_wconf 88' lang='lat' dir='ltr'>anuos</span> <span class='ocrx_word' id='word_1_184' title='bbox 759 3826 926 3914; x_wconf 84' lang='lat' dir='ltr'>transegit.</span> <span class='ocrx_word' id='word_1_185' title='bbox 951 3827 1016 3895; x_wconf 91' lang='lat' dir='ltr'>Hos</span> <span class='ocrx_word' id='word_1_186' title='bbox 1036 3828 1120 3896; x_wconf 88' lang='lat' dir='ltr'>iuter</span> <span class='ocrx_word' id='word_1_187' title='bbox 1149 3842 1218 3899; x_wconf 90' lang='lat' dir='ltr'>erat</span> 
     </span>
    </p>
   </div>
   <div class='ocr_carea' id='block_1_6' title="bbox 190 3931 1217 4146">
    <p class='ocr_par' dir='ltr' id='par_1_7' title="bbox 190 3931 1217 4146">
     <span class='ocr_line' id='line_1_29' title="bbox 190 3931 1217 4037; baseline 0.016 -37"><span class='ocrx_word' id='word_1_188' title='bbox 190 3931 343 4017; x_wconf 77' lang='lat' dir='ltr'>loannes,</span> <span class='ocrx_word' id='word_1_189' title='bbox 372 3936 488 4005; x_wconf 86' lang='lat' dir='ltr'>illustri</span> <span class='ocrx_word' id='word_1_190' title='bbox 508 3958 627 4026; x_wconf 83' lang='lat' dir='ltr'>genere</span> <span class='ocrx_word' id='word_1_191' title='bbox 647 3942 731 4029; x_wconf 91' lang='lat' dir='ltr'>apud</span> <span class='ocrx_word' id='word_1_192' title='bbox 751 3941 915 4026; x_wconf 88' lang='lat' dir='ltr'>Insubres,</span> <span class='ocrx_word' id='word_1_193' title='bbox 939 3944 1044 4013; x_wconf 82' lang='lat' dir='ltr'>Laude</span> <span class='ocrx_word' id='word_1_194' title='bbox 1065 3945 1217 4037; x_wconf 88' lang='lat' dir='ltr'>Pompeia</span> 
     </span>
     <span class='ocr_line' id='line_1_30' title="bbox 191 4043 1215 4146; baseline 0.021 -36"><span class='ocrx_word' id='word_1_195' title='bbox 191 4043 361 4129; x_wconf 87' lang='lat' dir='ltr'>oriundus,</span> <span class='ocrx_word' id='word_1_196' title='bbox 382 4047 436 4134; x_wconf 87' lang='lat' dir='ltr'>qui</span> <span class='ocrx_word' id='word_1_197' title='bbox 458 4048 536 4116; x_wconf 92' lang='lat' dir='ltr'>tanti</span> <span class='ocrx_word' id='word_1_198' title='bbox 556 4049 616 4117; x_wconf 86' lang='lat' dir='ltr'>viri</span> <span class='ocrx_word' id='word_1_199' title='bbox 634 4051 721 4119; x_wconf 87' lang='lat' dir='ltr'>lama</span> <span class='ocrx_word' id='word_1_200' title='bbox 739 4063 771 4120; x_wconf 89' lang='lat' dir='ltr'>et</span> <span class='ocrx_word' id='word_1_201' title='bbox 789 4055 943 4146; x_wconf 82' lang='lat' dir='ltr'>exemplis</span> <span class='ocrx_word' id='word_1_202' title='bbox 962 4059 1131 4144; x_wconf 89' lang='lat' dir='ltr'>adductus,</span> <span class='ocrx_word' id='word_1_203' title='bbox 1149 4063 1215 4130; x_wconf 82' lang='lat' dir='ltr'>ins=</span> 
     </span>
    </p>
   </div>
   <div class='ocr_carea' id='block_1_7' title="bbox 217 4227 1209 4322">
    <p class='ocr_par' dir='ltr' id='par_1_8' title="bbox 217 4227 1209 4322">
     <span class='ocr_line' id='line_1_31' title="bbox 217 4227 1209 4322; baseline 0.018 -44"><span class='ocrx_word' id='word_1_204' title='bbox 217 4227 253 4292; x_wconf 92' lang='lat' dir='ltr'>(l)</span> <span class='ocrx_word' id='word_1_205' title='bbox 268 4229 422 4298; x_wconf 69' lang='lat' dir='ltr'>humbertus</span> <span class='ocrx_word' id='word_1_206' title='bbox 431 4231 691 4304; x_wconf 71' lang='lat' dir='ltr'>Schalnaburgenais²</span> <span class='ocrx_word' id='word_1_207' title='bbox 704 4235 736 4287; x_wconf 90' lang='lat' dir='ltr'>ad</span> <span class='ocrx_word' id='word_1_208' title='bbox 748 4251 791 4288; x_wconf 89' lang='lat' dir='ltr'>an.</span> <span class='ocrx_word' id='word_1_209' title='bbox 801 4237 872 4291; x_wconf 82' lang='lat'>1069.</span> <span class='ocrx_word' id='word_1_210' title='bbox 886 4239 925 4292; x_wconf 82' lang='lat' dir='ltr'>ct</span> <span class='ocrx_word' id='word_1_211' title='bbox 938 4238 1068 4309; x_wconf 74' lang='lat' dir='ltr'>Sigonius,</span> <span class='ocrx_word' id='word_1_212' title='bbox 1076 4257 1126 4322; x_wconf 79' lang='lat' dir='ltr'>¹an</span> <span class='ocrx_word' id='word_1_213' title='bbox 1139 4241 1209 4296; x_wconf 80' lang='grc'><strong>1069.</strong></span> 
     </span>
    </p>
   </div>
   <div class='ocr_carea' id='block_1_8' title="bbox 0 0 1562 5050">
    <p class='ocr_par' dir='ltr' id='par_1_9' title="bbox 0 0 1562 5050">
     <span class='ocr_line' id='line_1_32' title="bbox 0 0 1562 5050; baseline 0 7"><span class='ocrx_word' id='word_1_214' title='bbox 0 0 1562 5050; x_wconf 95' lang='lat' dir='ltr'> </span> 
     </span>
    </p>
   </div>
  </div>
 </body>
</html>
