3110 5066
724 1505 870 1582 CAPUT
894 1505 952 1582 vl.

327 1999 365 2051 De
387 2001 456 2048 elatu
473 1995 674 2048 Mediolanensis
691 1995 821 2047 Ecclesiae.
840 2023 872 2034 -
893 1998 917 2046 A
935 1995 1086 2062 Landulpho
1108 1996 1264 2061 Arialdoque
1284 2001 1357 2048 mola

358 2076 460 2128 seditio.
471 2104 503 2114 -
516 2075 653 2126 Fontaneti
669 2076 791 2140 synodus.
804 2103 836 2113 -
847 2076 988 2126 Damianos
1006 2091 1021 2125 a
1036 2076 1143 2126 Nicolao
1155 2077 1179 2126 ll
1190 2091 1234 2127 res
1246 2091 1355 2142 compon

357 2171 422 2206 nere
432 2156 528 2221 jussus.
540 2183 572 2193 —
583 2157 668 2218 Quare
685 2161 799 2221 coeptum
819 2155 928 2206 minime
945 2157 1107 2207 successerit.
1125 2183 1157 2194 -
1171 2156 1284 2222 Legatos
1302 2157 1357 2208 lle-
1403 2223 1406 2228 Ι

358 2237 490 2288 diolanum
501 2237 643 2288 Damianos
654 2236 774 2287 mittitur.
791 2263 817 2272 -
829 2235 892 2296 Quae
905 2235 1037 2301 peregerit
1047 2235 1223 2286 Hildebrantlo
1236 2236 1328 2286 refert.

370 2449 496 2539 Duplici
513 2449 708 2539 Jamdudum
727 2447 804 2518 vitio
823 2447 1070 2518 Mediolanensis
1090 2449 1232 2518 Ecclesia
1262 2451 1354 2522 labo·

324 2565 441 2634 rabat:
462 2563 613 2654 plerique
631 2565 720 2632 eninr
732 2563 902 2659 simoniaci
914 2573 970 2632 aut
981 2565 1107 2633 uxorati
1120 2565 1229 2634 clerici
1243 2579 1350 2636 erant.

325 2679 411 2760 Quos
430 2701 539 2750 mores
558 2680 627 2771 ipse
646 2679 837 2748 lleribertus
849 2680 1124 2769 archiepiscopus,
1140 2680 1189 2748 vir
1201 2681 1352 2773 inclytus,

326 2814 518 2884 summaque
554 2814 614 2882 per
642 2803 741 2861 totam
772 2793 977 2882 superiorem
1005 2793 1130 2861 ltaliam
1161 2794 1353 2865 auctoritate

287 2919 290 2926 ’
325 2919 453 2999 potens,
481 2909 582 2977 nimia
611 2910 752 2998 quadani
777 2907 1026 2978 mansuetudine
1056 2909 1202 2994 fovebat3
1231 2909 1354 3000 quippe

327 3026 382 3115 qui
422 3025 619 3093 ordinandos
634 3025 770 3113 juvenes
807 3025 927 3094 soleret
962 3024 1164 3114 interrogare
1200 3008 1281 3094 num
1318 3025 1354 3093 in

325 3140 509 3230 virginitale
527 3160 720 3230 permanere
739 3141 893 3208 valerent.
914 3139 1038 3229 Siquis
1063 3150 1173 3208 autem
1200 3161 1236 3209 se
1264 3151 1354 3210 tanto

328 3259 419 3326 oneri
439 3257 598 3346 imparem
618 3256 839 3340 confiteretur,
850 3255 941 3354 virgo
954 3257 996 3338 ei,
1009 3266 1173 3324 annuente
1186 3257 1352 3346 episcope,

216 3419 218 3424 .
328 3373 585 3462 desponsabatur
604 3394 695 3441 uxor.
717 3373 783 3441 Nec
801 3373 874 3440 ideo
894 3371 1013 3440 civium
1032 3373 1067 3439 in
1087 3373 1176 3440 hunc
1190 3373 1354 3441 veneratio

329 3492 449 3574 minor,
470 3491 551 3558 adeo
570 3509 641 3558 mos
659 3489 850 3557 invaluerat.
872 3488 1021 3572 Econtra
1045 3513 1061 3554 a
1082 3488 1227 3578 quisine
1254 3508 1354 3556 uxore

329 3605 424 3672 vitain
452 3603 486 3670 in
517 3603 696 3672 sacerdotio
723 3622 820 3691 agere
853 3601 1056 3685 videbantur,
1090 3601 1167 3668 viris
1196 3601 1354 3686 uxoratis,

329 3719 453 3804 ordinis
473 3720 656 3809 utriusque,
677 3739 719 3787 ne
738 3719 778 3786 ab
797 3717 861 3786 illis
879 3717 1050 3786 inhoneste
1083 3717 1360 3786 circumveniren-

331 3847 397 3921 tur,
418 3836 560 3926 suspecti
579 3846 672 3904 erant
688 3835 743 3922 11).
770 3856 784 3899 )

375 3954 423 4021 lta
442 3973 477 4022 se
502 3973 555 4022 res
584 3951 725 4020 habehat
754 3969 856 4040 quum
887 3949 1080 4018 Heribertus
1110 3949 1282 4019 defunctus
1311 3962 1361 4019 est

360 4181 397 4244 <u
413 4180 565 4245 teudulphi·
580 4178 691 4231 senioris
710 4167 912 4232 nemorale-sis
932 4179 1049 4244 nnana,
1071 4178 1116 4232 in.
1140 4192 1159 4244 1,
1179 4193 1236 4244 cap.
1256 4177 1298 4246 ae,
1316 4193 1361 4246 ap.

332 4262 433 4313 Rerum
446 4261 608 4312 Italicorum
621 4260 774 4325 scriptores,
786 4263 805 4310 t.
818 4259 861 4310 111.
