3110 5066
740 558 900 620 ..40-

309 690 489 760 Credimus.
519 691 556 759 Et
585 690 702 781 adjecit
716 713 730 760 ;ν
756 693 881 760 Munite
910 691 1049 778 (rontern
1077 692 1170 780 siqno
1203 691 1330 762 Crucis.

309 807 345 875 Et
363 808 482 875 lactum
503 820 562 874 est.
587 807 661 874 Post
679 807 749 876 baec
769 809 839 874 ait:
870 805 1072 875 Condeleetor
1100 815 1212 876 nestroe
1238 809 1332 876 deuo-

306 923 420 1002 tioni,·¹
446 922 622 1010 compatior
659 929 727 989 torn
759 923 946 990 imminenti
975 943 1102 1011 moqnee
1136 922 1328 1010 perditioni.

308 1039 423 1106 Multis
441 1039 528 1104 enirn
546 1046 630 1104 retro
658 1039 864 1127 temporibus,
885 1060 949 1106 non
978 1045 1023 1104 est
1047 1037 1178 1126 oqnitns
1206 1037 1266 1104 boo
1295 1039 1333 1105 in

305 1155 382 1221 urbe
401 1153 592 1222 Salvator...
615 1154 792 1222 Abnndont
821 1167 934 1244 stupro
963 1153 1168 1235 multimodo,
1201 1153 1332 1221 booresis

303 1291 424 1360 quoqne
442 1271 505 1337 illu
523 1272 702 1338 simoniaco
719 1271 757 1337 in
774 1271 989 1338 suendotibns
1008 1277 1037 1336 et
1057 1269 1173 1346 lenitis,
1193 1289 1333 1358 quornm

305 1385 465 1473 cunifield
483 1385 569 1452 idem
587 1406 624 1452 uc
641 1386 671 1452 si
689 1387 807 1453 tonino
825 1387 891 1454 sint
909 1393 1058 1468 stercore,
1078 1405 1248 1473 eornrnqne
1277 1383 1333 1451 lo-

306 1501 408 1566 silieae
419 1501 643 1589 jumentorum
658 1501 817 1588 prooemio
839 1497 899 1588 (l).
926 1522 940 1564 r

349 1611 406 1680 His
426 1621 457 1679 et
476 1611 636 1680 similibus
655 1611 813 1680 concitata
834 1611 924 1700 plebs
943 1609 1187 1699 puriritatem,
1207 1611 1332 1699 «quasi

307 1729 408 1796 maris
427 1738 614 1818 tempestas,
641 1752 655 1794 r
683 1729 953 1816 circumvagatur,
985 1728 1190 1797 sacerdotum
1219 1728 1334 1796 domos

306 1844 506 1933 irrumpens,
528 1843 725 1933 turpissimis
744 1865 799 1912 eos
825 1842 1155 1932 uxoresquejvocibus
1173 1843 1332 1926 insecuta,

307 1957 446 2024 fustibus
459 1965 490 2025 et
508 1956 624 2045 gladiis
644 1956 714 2024 sine
734 1955 957 2025 misericordia
976 1955 1108 2038 feriens,
1124 1954 1232 2023 omnia
1251 1954 1336 2023 deri·
1370 1957 1374 1968 '

306 2070 411 2160 piens,
437 2093 450 2135 r
473 2079 585 2160 utpote
603 2069 659 2158 qui
678 2068 826 2158 rapinam
847 2069 1050 2158 magisquam
1063 2054 1171 2137 'Deum
1187 2079 1333 2137 amarent

306 2187 484 2275 (usurp.)

348 2301 417 2381 Quo
437 2302 531 2385 lacto,
553 2303 688 2371 Romam
713 2301 873 2392 conjurati
905 2310 1081 2391 properant
1111 2310 1148 2369 ut
1178 2301 1209 2370 S.
1242 2299 1345 2394 Sedis

307 2418 532 2486 auctoritatem
553 2419 689 2486 rebusi
720 2439 754 2487 se
781 2418 921 2508 peractis
951 2419 1132 2501 adderent;
1167 2419 1331 2508 simulque

306 2532 412 2600 clerus
431 2531 679 2601 Mediolanensis
698 2533 737 2600 de
757 2532 845 2600 illata
862 2531 923 2599 sibi
955 2531 1076 2620 injuria
1105 2541 1239 2621 questus
1270 2541 1330 2600 est.

305 2645 412 2726 Quare
429 2647 647 2736 provincialis,
665 2648 757 2738 juxta
775 2647 970 2716 canonicum
989 2648 1149 2731 ordinem,
1164 2648 1334 2717 Fontaneti

306 2775 502 2854 congregata
522 2765 688 2854 synodus3
710 2764 766 2832 ubi
798 2785 818 2832 a
848 2764 1112 2853 metropolitano,
1144 2763 1335 2853 conspiran-

308 2877 395 2946 tibus
432 2878 605 2967 episcopis,
638 2877 694 2967 qui
722 2877 856 2967 proprio
889 2878 976 2946 clero
1007 2877 1134 2968 sibique
1163 2877 1333 2961 timebant,

307 2993 444 3082 quaestio
463 2993 642 3083 consopita.
664 2993 750 3062 Facti
771 3003 879 3062 autem
892 3003 1041 3063 auctores
1051 2993 1334 3062 excommunicati.

308 3107 369 3188 Qui
387 3109 476 3178 litem
497 3110 632 3178 Romam
652 3111 759 3178 denuo
777 3111 974 3193 detulerunt,
995 3132 1015 3178 a
1033 3111 1064 3179 S.
1094 3109 1247 3178 Pontifioe
1279 3111 1335 3178 de-

310 3222 410 3311 nique
429 3223 656 3291 dirimendam.
675 3222 793 3292 Omnes
804 3223 1027 3292 Ambrosianae
1040 3223 1191 3292 Ecclesiae
1201 3222 1337 3291 clericos

312 3337 507 3407 simoniacos
526 3359 608 3422 esse,
642 3339 813 3408 Nicolaitas
844 3339 905 3429 (t),
936 3359 1064 3408 necnon
1093 3340 1127 3406 in
1156 3339 1337 3408 Romanam

311 3453 487 3522 Ecclesiam
506 3467 713 3524 contumaces
732 3456 979 3524 contendebant.

346 3715 384 3778 (t)
399 3715 528 3780 Arnulphi
546 3714 756 3781 Mediolanensis,
771 3717 873 3768 Rerum
889 3718 933 3768 sni
950 3718 1087 3782 ternporir,
1109 3717 1170 3768 libri
1187 3717 1220 3780 V,
1237 3715 1284 3766 lib.
1303 3728 1343 3782 nr,

313 3809 369 3860 cap.
379 3793 404 3845 9.
417 3794 466 3847 Rei
477 3797 552 3847 testis
563 3797 714 3862 Arnulpbus
726 3797 809 3848 extitit
840 3814 852 3848 u
868 3798 970 3850 Nostris
981 3799 1075 3863 adbuc,
1084 3799 1177 3864 inquit,
1189 3803 1308 3850 versatur
1318 3800 1346 3850 iu

314 3877 406 3927 oculis.
420 3892 433 3925 a
446 3876 517 3941 (Cap.
530 3877 569 3940 8.)
839 3937 844 3948 Ι

344 3957 380 4020 (⁸2)
396 3956 528 4018 Nicolaus,
543 3958 576 4009 de
592 3972 653 4021 quo,
673 3959 733 4009 Aet.
753 3960 855 4023 Apost,
874 3973 910 4024 vr,
931 3961 956 4024 5,
976 3960 1076 4011 dixerat
1090 3962 1270 4012 manendum
1288 3976 1345 4012 ease

314 4053 435 4101 cunum,
456 4039 524 4102 quod
541 4039 656 4102 pessimo
677 4054 757 4090 sensu
776 4041 896 4092 nonnulli
914 4046 1077 4106 acceperant.
1098 4043 1135 4092 De
1156 4041 1291 4094 Nicolaitis
1309 4043 1343 4093 cl.

312 4117 384 4166 Petri
398 4118 483 4179 Danu,
500 4133 590 4182 opusc.
602 4131 680 4182 xviri,
693 4134 716 4169 c.
732 4119 763 4182 8;
778 4121 866 4172 Clam.
880 4121 964 4184 Alex,
979 4121 1090 4181 Strom.,
1108 4133 1151 4182 111,
1168 4121 1199 4184 43
1219 4122 1342 4185 Massuet,

311 4195 425 4247 Dissert.
438 4210 487 4246 cnr
499 4195 528 4246 S.
541 4197 645 4262 trente,
659 4212 686 4263 p.
697 4198 730 4249 66
744 4202 771 4250 et
783 4197 824 4275 bl.
