3110 5066
755 561 914 656 -267-

322 689 462 762 titillanti
480 691 629 761 luxuriae.
660 691 843 783 Aliquando
873 713 926 762 me
956 693 1057 762 libido
1088 695 1266 778 succendit,
1297 696 1348 764 in·

321 806 477 890 llammat,
497 808 621 877 viscera
650 808 804 893 concutit,
839 809 992 898 genitalia
1020 809 1183 898 subrigit;
1213 791 1282 894 sed,
1314 813 1349 879 in
1423 835 1430 848 “

322 921 373 992 his
403 923 567 1007 omnihus,
600 924 695 994 iaciat
725 925 796 1013 ipsa
826 921 894 994 suis
923 925 1047 995 viribus
1078 936 1229 996 contenta
1259 927 1347 1018 quod

322 1047 438 1128 potest,
460 1059 536 1108 nam
560 1061 642 1110 meae
673 1040 909 1130 cooperationis
939 1040 1095 1110 auxillum
1128 1042 1249 1112 habere
1281 1059 1361 1113 non·

322 1160 429 1240 potest
448 1151 550 1242 (l).›

367 1269 522 1338 husterus
540 1269 616 1337 licet
632 1278 663 1337 et
681 1269 869 1353 iracundus,
891 1289 1101 1358 summopere
1121 1279 1230 1340 tamen
1259 1291 1348 1339 ama·

322 1383 396 1452 bilis
415 1383 590 1453 Damianus
608 1394 667 1453 est.
688 1384 749 1465 Qui
768 1387 806 1454 ad
827 1383 1029 1476 Oldericum,
1046 1385 1237 1454 Firmanum
1263 1386 1348 1476 epis·

322 1520 442 1590 copum
461 1500 597 1570 scribit:
615 1525 628 1566 r
652 1500 838 1570 Mellilluam
850 1501 972 1570 Vestrae
983 1501 1167 1570 sanctitatis
1178 1501 1347 1590 epistolam

322 1626 442 1705 quanta
461 1617 567 1685 cordis
585 1616 734 1686 aviditate
753 1616 952 1706 susceperim
966 1617 1206 1705 perseverantia
1219 1617 1347 1705 probat.

322 1727 412 1796 lllam
432 1729 564 1819 quidem
584 1728 849 1798 cohabitatricem
869 1727 950 1798 mihi
978 1729 1100 1820 jugiter
1131 1741 1237 1814 teneo,
1272 1753 1347 1799 cum

323 1865 361 1912 ea
379 1864 508 1934 semper
526 1845 729 1925 confabulor,
750 1844 784 1912 in
803 1865 840 1912 ea
868 1843 1032 1913 interioris
1063 1843 1159 1912 vestri
1191 1845 1346 1935 speciem,

322 1980 360 2028 ac
378 1959 444 2028 veri
473 1961 580 2028 vultus
611 1959 786 2048 imaginem
813 1959 982 2028 manifeste
1009 1961 1205 2048 complector
1236 1959 1298 2050 (h).
1333 1985 1347 2028 r

322 2074 448 2154 Quanta
461 2085 569 2143 autem
584 2074 739 2143 suavitate
753 2074 967 2143 saluberrima
982 2075 1087 2144 amico
1097 2096 1156 2144 suo
1168 2075 1347 2160 Desiderio,

323 2187 511 2256 monasterii
531 2187 712 2258 Casinensis
731 2187 852 2272 abbati,
874 2187 1006 2256 consilia
1027 2187 1136 2256 mittit.
1161 2211 1175 2254 a
1197 2189 1263 2277 Ego
1274 2189 1347 2273 tibi,

322 2303 522 2373 Venerabilis
536 2303 661 2387 Frater,
681 2325 745 2372 non
765 2304 815 2372 bis
834 2305 888 2372 sed
910 2303 1028 2394 saepius
1054 2303 1191 2392 scripsi;
1220 2326 1350 2372 verum-

323 2429 432 2488 tamen
451 2441 554 2510 usque
572 2421 669 2488 hodie
689 2441 729 2488 ne
749 2439 851 2488 unum
871 2419 1002 2508 quidem
1022 2419 1087 2488 iota
1107 2429 1143 2488 ut
1168 2420 1351 2490 rescribere
1390 2503 1393 2508 ¹

324 2533 469 2623 digneris
489 2535 649 2603 extorsi...
670 2533 750 2615 Quid
772 2534 872 2622 igitur
890 2533 1036 2602 laciam‘l
1055 2535 1136 2604 Nam
1167 2534 1243 2624 quia
1275 2537 1351 2603 dor-

270 2729 273 2735 ,
324 2649 478 2718 mientem
498 2661 529 2718 te
549 2650 733 2740 impingens
752 2663 784 2718 et
802 2651 953 2718 vellicans
978 2649 1117 2718 excitare
1147 2670 1211 2719 non
1246 2651 1349 2735 valeo,

323 2785 485 2855 pungam;
505 2777 538 2835 et
556 2766 602 2834 sic
621 2768 733 2834 saltem
754 2777 789 2834 ut
808 2765 938 2854 evigiles
958 2765 1180 2856 praevalebo...
1203 2767 1247 2833 hd
1267 2765 1353 2836 hanc

323 2880 459 2950 fortasse
480 2881 631 2972 injuriam
651 2890 857 2970 experrectus
877 2880 1054 2970 evigilabis,
1077 2889 1112 2947 ut
1131 2879 1186 2969 qui
1202 2881 1351 2948 charitati

324 3000 540 3087 denegaveras
560 2997 672 3080 vicem,
694 2995 823 3066 laedenti
843 2997 955 3081 saltem
976 2996 1146 3065 redhibeas
1170 2995 1349 3064 tallionem.

323 3115 554 3184 Verumtamen
574 3133 671 3202 quem
691 3121 726 3181 tu
752 3112 809 3180 tibi
841 3112 928 3180 vides
962 3113 1024 3181 hoc
1053 3112 1201 3179 hilariter
1232 3133 1349 3200 sugge-

325 3239 464 3314 rentem,
481 3229 630 3322 juniores
649 3229 765 3296 iratres
778 3228 838 3296 sibi
853 3228 966 3317 procul
982 3228 1080 3295 dubio
1095 3229 1252 3316 deputent
1264 3228 1349 3296 serio

325 3347 559 3414 consulentem.
583 3369 597 3412 r
625 3345 683 3412 llis
712 3342 903 3433 praemissis,
932 3343 1086 3410 libentius
1117 3363 1195 3410 sane
1226 3343 1350 3412 Clunia-

325 3463 430 3530 oensis
467 3460 567 3532 abbas
605 3459 750 3528 Damiani
783 3458 918 3528 consilia
948 3457 1106 3548 recipiet:
1139 3478 1180 3526 ne
1209 3459 1352 3548 propriis

324 3577 497 3646 virtutibus
516 3575 694 3645 studiosius
714 3576 868 3656 attendat,
890 3573 977 3657 vitia,
999 3573 1092 3664 quasi
1124 3580 1198 3663 post
1224 3583 1353 3662 tergum

201 3681 208 3692 ’
326 3693 440 3782 posita,
463 3691 652 3780 negligens;
674 3690 819 3759 imitetur
838 3712 856 3758 e
875 3699 988 3758 contra
1009 3710 1179 3778 pavonem,
1203 3688 1291 3780 «qui
1305 3687 1356 3756 ni-

326 3809 446 3878 mirum
483 3806 623 3898 pullinos
659 3817 691 3874 et
720 3807 805 3874 velut
833 3805 992 3895 ignobiles
1023 3805 1122 3894 pedes
1154 3825 1223 3892 prae
1251 3799 1355 3873 oeulis

355 4104 390 4169 (ll
406 4104 535 4168 llanriaui,
548 4075 638 4169 opusc.
653 4115 696 4166 xn,
711 4102 749 4152 De
760 4101 907 4164 tranando
921 4102 975 4165 iro,
988 4115 1045 4165 cap.
1057 4099 1085 4152 9.

272 4203 276 4212 ¹
356 4184 393 4252 (2)
408 4184 488 4252 Epist.
499 4197 537 4249 rv,
545 4184 570 4236 9.
584 4184 623 4236 Gt.
633 4196 675 4259 iu,
687 4182 713 4247 3,
727 4182 771 4233 Ad
783 4181 984 4235 Gebchardom.
