3110 5066
622 630 783 692 ..19-

189 761 281 828 derat
292 761 454 844 redderet,
470 779 677 851 nequaquam
692 759 766 844 sibi,
787 760 827 828 de
847 767 977 843 coetero,
999 756 1217 828 ecclesiastica

189 872 296 946 officia
315 875 507 944 celebraret.
531 875 570 944 Et
596 886 750 965 tanquam
770 873 891 964 tingnae
916 873 1046 943 vesania
1064 894 1130 942 non
1149 873 1216 942 sui-

188 987 313 1075 ficeret,
334 990 485 1060 manibus
516 1001 564 1060 est
593 1012 694 1060 ansus
735 989 894 1074 excidere,
927 999 960 1058 et
988 988 1095 1079 ipsum
1115 989 1216 1058 altare

190 1105 288 1194 virgis
313 1107 486 1176 verberare
510 1128 682 1196 aggressus
707 1117 767 1176 est.
789 1106 872 1188 Quid
902 1107 1021 1196 plura‘i
1040 1106 1143 1190 Mane,
1164 1105 1217 1174 die

190 1217 305 1302 altero,
326 1217 447 1308 gallina
467 1219 565 1288 rediit
577 1219 635 1308 (i).
661 1244 677 1286 n
764 1301 767 1306 ¹

235 1452 327 1518 Anno
354 1458 463 1520 autem
495 1468 585 1534 unm,
608 1449 659 1519 die
689 1467 745 1518 xrx
770 1449 883 1540 aprilis
902 1449 934 1520 S.
958 1450 1019 1518 Leo
1047 1470 1132 1540 papa
1164 1451 1221 1519 de-

192 1566 323 1635 functus
366 1576 426 1635 est.
470 1565 527 1636 Cui
564 1565 719 1636 successit
752 1564 973 1650 Gebehardus,
1013 1566 1220 1654 germanicus
1270 1617 1274 1624 ·

99 1733 105 1748 .
193 1681 376 1772 episcopus,
409 1683 465 1772 qui
497 1683 605 1751 Victor
635 1683 663 1750 li
695 1682 875 1772 appellatus
907 1695 965 1767 est.
999 1681 1094 1763 Huic,
1116 1703 1219 1773 quum

193 1797 314 1866 illatam
333 1797 486 1886 religioso
505 1797 634 1868 cuidam
649 1797 717 1867 viro
747 1797 903 1890 injuriam
923 1797 1087 1867 vindicare
1117 1819 1221 1866 mora·

193 1922 296 1996 retur,
319 1913 458 1982 maxima
482 1913 631 1983 libertate
652 1914 796 1982 seribere
826 1913 1002 1982 Damianus
1032 1933 1097 1982 non
1124 1912 1220 1982 dubi-

192 2027 281 2110 tavit,
303 2029 490 2119 ipsumque,
507 2029 541 2096 in
560 2029 708 2118 epistola,
723 2029 886 2099 Christum
904 2028 1027 2097 inducit
1046 2027 1218 2098 dicentem.

196 2169 212 2208 κ
238 2143 309 2234 Epo
328 2153 356 2212 te
373 2145 469 2234 quusi
485 2152 613 2233 putrem
633 2145 838 2234 imperatoris
856 2165 920 2212 esse
937 2145 1129 2214 constitui...
1151 2145 1221 2234 Epo

193 2257 295 2325 cinnes
315 2258 413 2324 totius
431 2256 582 2326 Ecclesioe
601 2257 847 2325 mentitionibus
866 2257 932 2324 trois
954 2256 1120 2324 tradidi...
1135 2256 1181 2324 Et
1192 2257 1223 2324 st'

189 2393 296 2460 pauco
326 2381 403 2440 sont
433 2373 509 2453 isto,
530 2373 630 2440 ctione
660 2372 865 2440 monarchias
895 2371 1012 2440 addidi
1024 2392 1037 2452 ,·
1057 2372 1134 2453 imo,
1165 2391 1221 2438 su-

192 2487 277 2555 bluto
300 2507 372 2576 repe
401 2489 439 2556 de
457 2488 581 2570 ’medio
616 2489 715 2556 totius
747 2488 886 2556 Romani
913 2487 1051 2576 Inoperii
1076 2483 1241 2555 oocootts'

192 2603 253 2671 tibi
274 2605 356 2692 juro
383 2605 534 2693 permisi.
555 2603 626 2692 Epo
647 2605 768 2693 touque,
795 2605 852 2693 poi
879 2603 939 2672 tibi
962 2611 1056 2699 tuoto
1085 2610 1115 2670 ot
1140 2603 1222 2672 tolio

187 2720 343 2810 prestiti,
366 2720 465 2809 tepent
482 2721 548 2788 siue
564 2721 734 2811 justitium
752 2721 790 2786 io
817 2727 871 2788 tuo
901 2719 1049 2787 eoomine
1072 2739 1136 2786 nort
1167 2721 1221 2787 io·

190 2837 294 2904 uenio.
309 2835 340 2904 Si
371 2856 449 2924 ergo
470 2847 511 2920 te,
533 2836 678 2924 piissime
709 2835 857 2919 Domine,
882 2835 917 2918 is,
931 2834 986 2924 qui
1019 2835 1236 2924 iudicaturus.

190 2958 240 3017 est
265 2948 351 3017 vivos
371 2959 402 3016 et
421 2960 567 3018 mortuos
586 2949 637 3017 his
657 2949 763 3017 verbis
783 2948 966 3037 impeteret,
986 2947 1063 3038 quid
1090 2949 1130 3016 ad
1149 2949 1219 3017 haec

190 3073 248 3133 tua
267 3065 421 3156 sanctitas
440 3066 656 3134 excusationis
675 3074 856 3154 opponeret
875 3063 935 3154 (i).
962 3089 975 3130 r

237 3181 352 3270 Neque
378 3191 500 3249 tantam
529 3181 711 3250 libertatem
749 3180 1052 3269 reprehendendam
1085 3179 1218 3250 arbitra·

190 3298 288 3366 batur
306 3298 441 3368 Petrus:
465 3298 600 3366 «Parce
625 3298 675 3366 ori
704 3317 790 3381 meo,
811 3295 1004 3365 venerabilis
1029 3297 1137 3382 Pater,
1157 3317 1218 3367 nec

190 3414 289 3482 homo
321 3414 463 3483 hominis
485 3413 674 3495 ¹humiliter
712 3413 915 3502 suggerentis
955 3412 1051 3480 verba
1095 3412 1213 3496 fastidi,

190 3552 292 3619 quum
323 3541 355 3598 et
381 3530 584 3620 omnipotens
614 3529 699 3598 Deus
717 3528 906 3597 hominibus
932 3528 1036 3597 dicat:
1064 3527 1216 3598 Venitoet

186 3649 314 3737 arpuite
332 3669 383 3715 me
402 3645 462 3736 (3).
482 3674 496 3707 n

230 3762 423 3832 damianum
440 3761 508 3852 jum
538 3763 576 3829 ad
605 3761 741 3829 concilia
761 3757 880 3828 summi
911 3757 1080 3848 pontitices
1106 3780 1214 3828 arces·

186 3878 313 3963 sebant,
334 3881 455 3948 nedum
473 3889 540 3946 tam
558 3875 659 3945 nobili
678 3887 853 3966 sanctoque
871 3874 939 3942 viro
959 3885 1188 3944 succenserent
1194 3897 1204 3958 ;

218 4099 256 4164 (t)
271 4097 342 4150 Petri
354 4097 439 4160 Bam,
454 4109 543 4160 opusc.
559 4105 595 4158 rr,
609 4108 663 4160 cap.
677 4094 717 4145 18.

218 4181 256 4246 (2)
272 4181 357 4243 Dum,
370 4177 446 4243 epist.
458 4190 477 4240 r,
493 4176 517 4227 5.

217 4257 399 4328 &mmm
