3110 5066
633 619 714 683 ..3
734 654 775 668 ..

192 749 252 835 pro
270 744 364 837 petrc'
380 749 537 840 nociti).
560 755 579 817 o·
600 749 727 840 llujurn
753 760 824 820 eret
854 751 888 819 in
919 751 995 820 rudi
1018 751 1213 844 inculteque

191 861 567 953 asulescentulopietaa
801 885 806 892 ·

230 975 474 1048 luterirnalius
494 979 711 1069 Petriilreter,
736 979 940 1065 ¹Rauennam,
974 981 1061 1050 unde
1090 974 1216 1066 aberat,

195 1105 345 1159 reverens
364 1091 507 1172 est.·0ui
525 1101 666 1182 puerum
695 1092 884 1177 miseratum
910 1090 1051 1182 eumque
1075 1103 1219 1183 ‘paterno

193 1205 360 1294 amplexus
396 1223 520 1292 amore,
555 1207 773 1276 erudiendum
803 1206 938 1276 curarit.
959 1206 1076 1288 ¹0uare
1098 1209 1220 1300 'patrie
1340 1205 1342 1210 ’
1384 1185 1386 1188 ’

193 1318 330 1390 enitatis
349 1321 622 1392 scholas-assidue
641 1321 854 1412 hequentavit
866 1345 875 1408 ;
889 1323 1071 1414 ubiquum
1083 1337 1220 1415 praemt·

195 1445 271 1505 turo
315 1435 458 1526 ingenio,
490 1423 743 1528 redigentiacpue,
785 1446 917 1508 necnon*
953 1437 1071 1508 erinnis
1111 1439 1220 1511 induie

194 1552 375 1636 excelleret,
395 1554 437 1622 ad
452 1553 614 1622 »meliores
645 1553 816 1644 magistros
846 1554 1030 1624 racemum
1061 1554 1218 1645 primum,

194 1667 311 1738 dohec
324 1667 482 1737 -Permam
500 1669 699 1738 missussest.
721 1669 835 1738 Frater
851 1650 1028 1739 autemili'e
1043 1669 1221 1741 Damianos

194 1784 369 1853 vocabatur
389 1783 452 1876 (2),
474 1786 562 1855 unde
581 1785 695 1855 Petrus
708 1784 1220 1876 uamiauiuogournenaccepisse

196 1898 341 1969 creditur
357 1897 416 1991 (3).

241 2011 323 2082 Cum
343 2012 593 2082 auteml'ermae
612 2014 754 2102 degeret,
775 2011 893 2094 accidit
910 2012 1065 2082 liciniano
1085 2011 1222 2104 sesqua

197 2143 315 2214 parum
333 2123 437 2194 abfuit
454 2125 535 2216 quin
553 2125 656 2215 ipsius
670 2125 833 2195 modestia
851 2137 1022 2194 summum·
1034 2125 1069 2194 in
1090 2126 1222 2224 period-

197 2240 265 2308 lum
284 2239 421 2309 veniret.
444 2261 459 2307 c
482 2239 562 2310 llum
575 2239 852 2324 subceniricius,
867 2239 983 2329 inipso
996 2242 1224 2312 adolescentiae

197 2353 292 2440 dore,
313 2363 345 2424 et
364 2375 446 2425 nova
464 2355 619 2444 pubertas
638 2355 789 2424 indueret
807 2355 937 2439 faciem,
960 2363 992 2424 et
1015 2367 1115 2425 aestus
1145 2357 1221 2426 libi·
1266 2356 1268 2362 ’

197 2471 283 2540 dinis
302 2472 517 2540 accenderent
536 2487 681 2569 earnem,
703 2469 840 2540 clericus
860 2470 1006 2560 quidem,
1033 2471 1223 2542 Zeurolibds

196 2584 342 2668 numine,
355 2585 505 2675 pellicem
517 2600 610 2652 suam
619 2583 710 2673 juxta
725 2603 834 2652 mcum
847 2584 989 2654 habehat
1001 2584 1220 2675 hospitium.»

199 2700 340 2770 lerrusla
358 2700 413 2769 illa
432 2709 513 2783 erat,
533 2699 671 2790 pulcher
689 2710 722 2767 et
740 2710 877 2782 amator,
900 2723 915 2766 r
939 2700 995 2790 qui
1015 2719 1143 2790 semper
1171 2719 1225 2768 or-

197 2826 294 2886 natus
321 2826 419 2905 atque
449 2814 647 2905 conspicuus
677 2814 858 2898 incedebat,
891 2814 935 2884 ita
965 2825 1002 2884 ut
1029 2824 1132 2904 ceput
1152 2814 1225 2904 ejus

199 2949 368 3022 nunquam
398 2931 462 3000 nisi
494 2929 648 3019 gibellina
678 2930 772 3020 pellis
790 2933 969 3018 obtegeret
990 2929 1173 3000 carbasinis
1182 2943 1226 2998 ¹ac

198 3046 386 3116 niventibus
405 3045 604 3115 indumentis
623 3047 756 3114 restitns
776 3056 857 3128 erat,
874 3044 1121 3135 ejusquecaloei
1133 3044 1226 3134 aqui-

200 3159 259 3226 lini
279 3159 379 3228 rostri
412 3157 555 3248 speciem
585 3157 816 3226 obtendebant.
852 3181 869 3222 u
904 3157 980 3225 Erat
1009 3157 1039 3226 ei
1072 3168 1230 3247 praeterea

198 3273 305 3342 suavis
330 3285 362 3343 et
391 3273 520 3345 tinnula
550 3295 621 3356 vox,
652 3274 733 3342 adeo
761 3283 798 3340 nt
824 3272 858 3340 in
887 3271 1023 3342 ecclesia
1042 3273 1225 3356 modulans,

229 3519 268 3584 (1)
288 3519 350 3570 Vttc
361 3519 393 3571 B.
406 3519 483 3570 Petri
495 3519 635 3582 Damieui,
647 3531 699 3582 per
715 3518 845 3570 loannem
863 3517 1031 3580 monachum,
1044 3517 1102 3581 ejus
1113 3515 1228 3581 discipu·

202 3602 269 3659 lum,
283 3615 339 3664 cap.
351 3611 381 3650 11.
637 3657 640 3664 ,

236 3680 273 3742 (2)
289 3682 425 3730 Ravennae
447 3677 666 3742 archipresbyter,
688 3676 831 3727 monachus
854 3681 944 3740 postea
965 3674 1023 3724 luit.
1044 3675 1124 3738 (Petri
1145 3675 1230 3735 Dum,

205 3763 281 3827 epist.
296 3775 321 3825 r,
334 3763 359 3824 ⁸2,
373 3768 399 3812 et
410 3777 498 3826 opusc.
511 3772 607 3823 xxxin,
623 3775 679 3823 cap.
692 3759 727 3823 4.)

237 3843 274 3905 (3)
291 3843 330 3893 nb
341 3843 400 3892 aliis
416 3843 514 3891 Petrus
528 3841 668 3901 Dumiuui,
680 3841 713 3890 ab
728 3838 786 3887 aliis
798 3837 951 3887 Dumicum
965 3836 1097 3886 scribitur.
1111 3836 1173 3896 Quae
1184 3851 1233 3886 vox

205 3923 333 3988 posterior
352 3921 533 3986 anteponenda
552 3920 653 3970 videtur
676 3923 762 3983 utpote
781 3918 809 3967 in
828 3917 946 3980 ejusdem
964 3916 1047 3966 elatis
1071 3916 1234 3968 documentis

205 4003 371 4054 communius
382 4005 512 4066 usurpata.
534 4000 589 4050 Vid.
609 3999 760 4049 chronicon
775 3996 932 4058 Gueiuenee,
948 3997 1036 4046 sancti
1050 3995 1173 4059 [luponio
1184 3998 1236 4046 mi·

206 4083 311 4146 recula,
325 4081 464 4132 Alexandri
477 4081 500 4131 ll
515 4093 587 4144 papae
603 4078 732 4142 epistolas.
748 4078 787 4127 nb
801 4076 859 4140 ipso
873 4075 981 4126 demum
997 4075 1074 4126 Petro
1096 4077 1235 4127 Damianos

205 4163 336 4224 scribitur,
348 4177 396 4214 seu
409 4162 442 4212 de
453 4163 533 4212 fratre
544 4173 601 4223 sue,
615 4159 706 4210 sende
721 4162 817 4222 nepote
837 4155 936 4208 mentio
950 4156 992 4208 sit.
1011 4155 1049 4208 Gi.
1063 4157 1135 4208 Petri
1148 4159 1233 4220 Dum,

205 4242 307 4308 epistol.
319 4255 350 4308 11,
360 4241 404 4307 ll,
415 4255 442 4308 v,
455 4239 487 4306 h;
501 4253 539 4306 rr,
551 4241 594 4305 nl,
606 4238 648 4304 Ἡ,
660 4237 703 4290 29.
