3110 5066
764 617 923 678 ..38-

376 749 413 818 ln
426 749 525 838 pejus
544 748 653 818 omnia
667 769 775 817 ruere.
802 773 818 813 a
838 747 916 850 Erat
934 747 1021 817 enim
1041 758 1110 816 tum
1141 750 1220 817 ordo
1253 748 1357 818 eccle·
1419 729 1425 742 ’

330 865 478 934 siastieus
516 867 549 932 in
585 876 632 933 tot
668 865 835 934 erroribus
879 866 1042 947 seductus,
1081 873 1117 932 ut
1154 885 1192 932 ex
1220 863 1275 931 illo
1304 863 1355 932 rix
1456 915 1462 924 .

331 983 492 1072 quispiam
513 981 662 1050 existeret
684 982 741 1072 qui
774 982 808 1048 in
838 1003 896 1049 suo
926 983 995 1049 loco
1027 981 1183 1050 veraciter
1215 980 1356 1070 reperiri

332 1106 450 1182 posset.
473 1094 553 1163 Nam
574 1094 627 1161 alii
646 1115 721 1163 cum
741 1093 876 1162 canibus
895 1103 927 1160 et
945 1093 1154 1182 accipitribus
1182 1093 1246 1168 buc
1264 1093 1357 1161 illuc-

328 1231 392 1300 que
429 1220 640 1299 pervagantes
677 1230 778 1278 suum
810 1209 970 1277 venationi
1002 1209 1136 1278 lubricae
1161 1209 1355 1276 famulatum

326 1327 515 1408 tradebant;
537 1325 591 1394 alii
611 1346 685 1394 vero
716 1325 892 1393 tabernarii
924 1335 955 1393 et
984 1345 1125 1414 nequam
1154 1323 1262 1408 villici,
1297 1323 1354 1391 alii

328 1439 420 1528 impii
458 1438 600 1507 usurarii
638 1439 839 1520 existebant;
875 1437 983 1506 cuncti
1013 1437 1080 1506 fere
1110 1458 1185 1506 eum
1214 1437 1354 1526 publicis

328 1555 496 1638 uxoribus,
536 1554 601 1622 sive
640 1531 779 1636 scortis,
807 1553 899 1622 suam
935 1553 1150 1642 ignominiose
1192 1553 1356 1622 ducebant

329 1673 447 1754 vitam3
485 1691 663 1760 omnesque
701 1691 774 1758 quae
811 1690 870 1737 sua
898 1679 1002 1752 erant,
1038 1689 1104 1736 non
1134 1689 1209 1758 quae
1234 1668 1354 1736 Christi

329 1786 530 1876 quaerebant.
552 1785 646 1868 Nam,
668 1768 754 1874 quod
774 1785 844 1852 sine
863 1783 985 1874 gemitu
1007 1784 1069 1852 diei
1089 1785 1138 1852 vel
1157 1783 1263 1852 audiri
1295 1803 1356 1852 nee

331 1910 446 1990 potest,
468 1921 529 1970 nec
547 1901 654 1981 debet,
685 1900 828 1968 universi
859 1900 906 1968 sic
937 1901 997 1968 sub
1030 1899 1206 1968 simoniaca
1236 1899 1355 1968 haeresi

329 2018 523 2093 tenebantur
556 2016 716 2104 impliciti,
755 2023 916 2105 quatenus
954 2035 973 2083 a
1010 2015 1145 2082 minimo
1178 2035 1283 2104 usque
1315 2015 1356 2083 ad

294 2106 302 2121 ’
330 2132 506 2201 maximum
526 2131 635 2200 nullus
654 2132 733 2199 ordo
752 2131 800 2199 vel
819 2133 939 2220 gradus
959 2131 1072 2199 haberi
1092 2139 1212 2220 posset,
1228 2130 1291 2198 nisi
1309 2129 1356 2198 sic

331 2258 494 2317 emeretur
513 2249 677 2337 quomodo
697 2247 817 2316 emitur
835 2267 934 2335 pecus
955 2247 1014 2335 (l).
1041 2270 1055 2312 i
1120 2258 1121 2262 ’

373 2365 412 2432 At
430 2365 612 2445 anselmus,
634 2363 791 2433 Lucensis
811 2363 996 2452 episcopus,
1012 2363 1239 2452 landulphum
1259 2362 1297 2429 ad
1320 2381 1355 2429 se

329 2477 561 2567 Arialdumque
597 2477 793 2546 convocavit.
833 2475 893 2555 Qui
929 2475 1152 2544 sacerdotibus
1189 2485 1221 2543 et
1251 2473 1356 2543 levitis

329 2614 448 2662 uxores
467 2614 537 2661 esse
556 2613 724 2682 nunquam
745 2613 779 2660 se
798 2612 951 2681 passuros
968 2591 1182 2681 jurejurando
1207 2589 1354 2680 polliciti,

331 2710 470 2799 dataque
489 2720 521 2776 et
539 2719 670 2796 accepta
700 2707 763 2775 fide
793 2719 1011 2786 recesserunt,
1043 2717 1079 2775 ut
1107 2705 1192 2774 idem
1225 2727 1244 2774 a
1274 2705 1355 2774 eivi-

330 2825 403 2908 buS,
425 2825 693 2914 scholaribusque
713 2824 906 2914 praesertim,
930 2825 956 2893 si
976 2824 1130 2913 possibile
1149 2823 1244 2906 foret,
1267 2821 1352 2891 obti-

331 2951 447 3008 nerent
467 2940 528 3030 (b).
562 2941 643 3008 Tum
675 2961 734 3048 per
765 2941 887 3029 plateas
913 2951 945 3009 et
976 2941 1010 3008 in
1036 2939 1114 3029 ipsis
1143 2939 1363 3008 ecelesiarum¹
1443 2939 1446 2944 '

331 3055 487 3144 gradibus
516 3042 694 3144 praedicare
724 3067 892 3144 coeperunt
923 3067 959 3124 ut
988 3055 1028 3123 ab
1060 3054 1215 3123 uxoribus
1246 3055 1354 3123 clerici

330 3179 571 3259 separarentur.
596 3168 772 3257 «Enipei,
795 3179 830 3237 ut
856 3169 1001 3254 cernitis,
1034 3169 1160 3237 dicebat
1192 3169 1354 3252 Arialdus,

330 3287 436 3378 palam
457 3305 572 3353 uxores
592 3285 727 3367 ducunt,
755 3293 905 3374 stuprum
935 3285 1210 3375 quemadmodum
1230 3284 1356 3352 scelesti

330 3401 404 3470 laici
424 3412 628 3490 sequuntur;
649 3411 746 3490 atque
764 3403 802 3470 ad
824 3402 1000 3470 nefandum
1019 3402 1082 3470 boe
1110 3422 1192 3492 opus
1224 3411 1357 3488 patran-

332 3519 424 3601 dum,
452 3526 541 3586 tanto
572 3526 648 3586 sunt
677 3517 848 3586 validiores
879 3527 999 3606 quanto
1030 3519 1049 3585 a
1081 3527 1211 3586 terreno
1245 3517 1357 3584 labore

331 3632 466 3702 minime
486 3633 645 3722 oppressi,
667 3633 811 3702 videlicet
830 3633 970 3702 viventes
990 3635 1030 3701 de
1049 3634 1133 3701 dono
1154 3632 1210 3700 Dei
1241 3631 1299 3720 (3).
1338 3657 1352 3699 r

374 3748 423 3818 llli
442 3759 551 3818 autem
570 3749 810 3840 respondebant
830 3773 844 3817 r
868 3751 955 3838 quod
974 3769 1071 3818 nemo
1090 3749 1269 3869 castitatem
1295 3748 1355 3816 ha-

362 4005 401 4070 (1)
424 4004 527 4056 VitcB.
540 4005 660 4063 Aristidi,
673 4008 743 4056 auct.
755 4005 1088 4071 AndreaVallombrosauo,
1102 4005 1158 4071 ejus
1167 4006 1304 4072 discipulo,
1311 4024 1353 4075 ap.
1450 3981 1454 3985 .

329 4085 400 4135 Aeto
411 4084 584 4148 Sanctorum,
596 4088 615 4135 t.
629 4083 731 4134 xxvll.

361 4165 400 4227 (ᾖ)
417 4164 571 4229 ιαηὼιΙρὴ.,
582 4163 627 4215 lib.
641 4177 680 4228 111,
694 4179 750 4228 cap.
760 4163 785 4215 4.

359 4243 396 4310 (3)
413 4245 449 4296 In
461 4245 524 4296 Vita
534 4244 567 4295 B.
579 4245 698 4310 Ariolde',
711 4258 752 4309 ap.
765 4244 835 4296 Aeto
847 4246 1022 4297 Sanctorum.
