<?xml version="1.0" encoding="UTF-8"?>
<!DOCTYPE html PUBLIC "-//W3C//DTD XHTML 1.0 Transitional//EN"
    "http://www.w3.org/TR/xhtml1/DTD/xhtml1-transitional.dtd">
<html xmlns="http://www.w3.org/1999/xhtml" xml:lang="en" lang="en">
 <head>
  <title>
</title>
<meta http-equiv="Content-Type" content="text/html;charset=utf-8" />
  <meta name='ocr-system' content='tesseract 3.04.00' />
  <meta name='ocr-capabilities' content='ocr_page ocr_carea ocr_par ocr_line ocrx_word'/>
</head>
<body>
  <div class='ocr_page' id='page_1' title='image "./depetrodamianoo00guergoog_0063.png"; bbox 0 0 3116 5050; ppageno 0'>
   <div class='ocr_carea' id='block_1_1' title="bbox 709 565 913 634">
    <p class='ocr_par' dir='ltr' id='par_1_1' title="bbox 709 565 913 634">
     <span class='ocr_line' id='line_1_1' title="bbox 709 565 913 634; baseline -0.005 0"><span class='ocrx_word' id='word_1_1' title='bbox 709 565 913 634; x_wconf 50' lang='grc'>,44-</span> 
     </span>
    </p>
   </div>
   <div class='ocr_carea' id='block_1_2' title="bbox 277 698 1413 4254">
    <p class='ocr_par' dir='ltr' id='par_1_2' title="bbox 287 698 1347 1023">
     <span class='ocr_line' id='line_1_2' title="bbox 321 698 1347 790; baseline 0.006 -24"><span class='ocrx_word' id='word_1_2' title='bbox 321 698 435 768; x_wconf 89' lang='lat' dir='ltr'>laudes</span> <span class='ocrx_word' id='word_1_3' title='bbox 462 708 558 790; x_wconf 91' lang='lat' dir='ltr'>atque</span> <span class='ocrx_word' id='word_1_4' title='bbox 580 698 744 789; x_wconf 72' lang='lat' dir='ltr'>praeconia</span> <span class='ocrx_word' id='word_1_5' title='bbox 780 719 818 768; x_wconf 86' lang='lat' dir='ltr'>ex</span> <span class='ocrx_word' id='word_1_6' title='bbox 853 698 956 790; x_wconf 90' lang='lat' dir='ltr'>ipsius</span> <span class='ocrx_word' id='word_1_7' title='bbox 986 720 1044 770; x_wconf 90' lang='lat' dir='ltr'>ore</span> <span class='ocrx_word' id='word_1_8' title='bbox 1068 701 1181 770; x_wconf 88' lang='lat' dir='ltr'>sortita</span> <span class='ocrx_word' id='word_1_9' title='bbox 1210 711 1258 772; x_wconf 91' lang='lat' dir='ltr'>est</span> <span class='ocrx_word' id='word_1_10' title='bbox 1281 705 1347 772; x_wconf 92' lang='lat' dir='ltr'>sal-</span> 
     </span>
     <span class='ocr_line' id='line_1_3' title="bbox 320 813 1346 907; baseline 0.004 -23"><span class='ocrx_word' id='word_1_11' title='bbox 320 814 466 884; x_wconf 76' lang='lat' dir='ltr'>vatoris?</span> <span class='ocrx_word' id='word_1_12' title='bbox 483 813 561 894; x_wconf 79' lang='lat' dir='ltr'>Ouae</span> <span class='ocrx_word' id='word_1_13' title='bbox 575 825 683 884; x_wconf 87' lang='lat' dir='ltr'>autem</span> <span class='ocrx_word' id='word_1_14' title='bbox 703 813 880 904; x_wconf 88' lang='lat' dir='ltr'>provincia,</span> <span class='ocrx_word' id='word_1_15' title='bbox 902 836 961 904; x_wconf 89' lang='lat' dir='ltr'>per</span> <span class='ocrx_word' id='word_1_16' title='bbox 981 817 1093 886; x_wconf 90' lang='lat' dir='ltr'>omnia</span> <span class='ocrx_word' id='word_1_17' title='bbox 1116 837 1218 907; x_wconf 76' lang='lat' dir='ltr'>regna</span> <span class='ocrx_word' id='word_1_18' title='bbox 1241 828 1346 888; x_wconf 91' lang='lat' dir='ltr'>terra-</span> 
     </span>
     <span class='ocr_line' id='line_1_4' title="bbox 287 931 1345 1023; baseline 0.008 -26"><span class='ocrx_word' id='word_1_19' title='bbox 287 951 289 955; x_wconf 51' lang='lat'>*</span> <span class='ocrx_word' id='word_1_20' title='bbox 322 951 410 1014; x_wconf 92' lang='lat' dir='ltr'>rum,</span> <span class='ocrx_word' id='word_1_21' title='bbox 431 931 471 998; x_wconf 91' lang='lat' dir='ltr'>ab</span> <span class='ocrx_word' id='word_1_22' title='bbox 491 931 562 1020; x_wconf 88' lang='lat' dir='ltr'>ejus</span> <span class='ocrx_word' id='word_1_23' title='bbox 580 931 702 1000; x_wconf 82' lang='lat' dir='ltr'>ditione</span> <span class='ocrx_word' id='word_1_24' title='bbox 720 941 871 1000; x_wconf 84' lang='lat' dir='ltr'>extranea</span> <span class='ocrx_word' id='word_1_25' title='bbox 890 931 1065 1022; x_wconf 89' lang='lat' dir='ltr'>reperitur,</span> <span class='ocrx_word' id='word_1_26' title='bbox 1094 933 1189 1023; x_wconf 88' lang='lat' dir='ltr'>cujus</span> <span class='ocrx_word' id='word_1_27' title='bbox 1206 935 1345 1005; x_wconf 88' lang='lat' dir='ltr'>arbitrio</span> 
     </span>
    </p>

    <p class='ocr_par' dir='ltr' id='par_1_3' title="bbox 322 1045 1153 1137">
     <span class='ocr_line' id='line_1_5' title="bbox 322 1045 1153 1137; baseline 0.004 -26"><span class='ocrx_word' id='word_1_28' title='bbox 322 1045 429 1137; x_wconf 91' lang='lat' dir='ltr'>ipsum</span> <span class='ocrx_word' id='word_1_29' title='bbox 449 1067 579 1136; x_wconf 90' lang='lat' dir='ltr'>quoque</span> <span class='ocrx_word' id='word_1_30' title='bbox 592 1047 710 1115; x_wconf 88' lang='lat' dir='ltr'>coelum</span> <span class='ocrx_word' id='word_1_31' title='bbox 730 1055 762 1114; x_wconf 89' lang='lat' dir='ltr'>et</span> <span class='ocrx_word' id='word_1_32' title='bbox 779 1047 898 1136; x_wconf 83' lang='lat' dir='ltr'>ligatur</span> <span class='ocrx_word' id='word_1_33' title='bbox 918 1057 950 1114; x_wconf 87' lang='lat' dir='ltr'>et</span> <span class='ocrx_word' id='word_1_34' title='bbox 968 1047 1113 1118; x_wconf 90' lang='lat' dir='ltr'>solvitur.</span> <span class='ocrx_word' id='word_1_35' title='bbox 1138 1072 1153 1114; x_wconf 80' lang='lat' dir='ltr'>r</span> 
     </span>
    </p>

    <p class='ocr_par' dir='ltr' id='par_1_4' title="bbox 321 1161 1413 2064">
     <span class='ocr_line' id='line_1_6' title="bbox 366 1161 1343 1256; baseline 0.007 -27"><span class='ocrx_word' id='word_1_36' title='bbox 366 1162 450 1230; x_wconf 88' lang='lat' dir='ltr'>Tum</span> <span class='ocrx_word' id='word_1_37' title='bbox 478 1161 617 1231; x_wconf 80' lang='lat' dir='ltr'><strong>ostendit</strong></span> <span class='ocrx_word' id='word_1_38' title='bbox 636 1163 738 1231; x_wconf 89' lang='lat' dir='ltr'>Roma</span> <span class='ocrx_word' id='word_1_39' title='bbox 755 1163 881 1232; x_wconf 88' lang='lat' dir='ltr'>venisse</span> <span class='ocrx_word' id='word_1_40' title='bbox 900 1164 1120 1252; x_wconf 88' lang='lat' dir='ltr'>apostolorum</span> <span class='ocrx_word' id='word_1_41' title='bbox 1152 1164 1343 1256; x_wconf 88' lang='lat' dir='ltr'>discipulos,</span> 
     </span>
     <span class='ocr_line' id='line_1_7' title="bbox 321 1277 1347 1368; baseline 0.002 -22"><span class='ocrx_word' id='word_1_42' title='bbox 321 1277 377 1368; x_wconf 93' lang='lat' dir='ltr'>qui</span> <span class='ocrx_word' id='word_1_43' title='bbox 396 1278 680 1362; x_wconf 84' lang='lat' dir='ltr'>Mediolanensem,</span> <span class='ocrx_word' id='word_1_44' title='bbox 695 1277 837 1368; x_wconf 75' lang='lat' dir='ltr'>antiquis</span> <span class='ocrx_word' id='word_1_45' title='bbox 854 1278 1068 1368; x_wconf 78' lang='lat' dir='ltr'>temporibus,</span> <span class='ocrx_word' id='word_1_46' title='bbox 1083 1279 1253 1350; x_wconf 84' lang='lat' dir='ltr'>eeclesiam</span> <span class='ocrx_word' id='word_1_47' title='bbox 1267 1301 1347 1350; x_wconf 88' lang='lat' dir='ltr'>con-</span> 
     </span>
     <span class='ocr_line' id='line_1_8' title="bbox 321 1393 1413 1474; baseline 0.001 -11"><span class='ocrx_word' id='word_1_48' title='bbox 321 1394 480 1464; x_wconf 88' lang='lat' dir='ltr'>diderint:</span> <span class='ocrx_word' id='word_1_49' title='bbox 509 1395 654 1464; x_wconf 87' lang='lat' dir='ltr'>Romana</span> <span class='ocrx_word' id='word_1_50' title='bbox 682 1393 824 1463; x_wconf 81' lang='lat' dir='ltr'>Ecclesia</span> <span class='ocrx_word' id='word_1_51' title='bbox 853 1405 970 1474; x_wconf 88' lang='lat' dir='ltr'>mater,</span> <span class='ocrx_word' id='word_1_52' title='bbox 1001 1393 1248 1464; x_wconf 87' lang='lat' dir='ltr'>Mediolanensis</span> <span class='ocrx_word' id='word_1_53' title='bbox 1280 1394 1348 1464; x_wconf 91' lang='lat' dir='ltr'>lilia</span> <span class='ocrx_word' id='word_1_54' title='bbox 1410 1429 1413 1436; x_wconf 33' lang='lat' dir='ltr'>v</span> 
     </span>
     <span class='ocr_line' id='line_1_9' title="bbox 322 1509 1345 1600; baseline -0.001 -20"><span class='ocrx_word' id='word_1_55' title='bbox 322 1519 382 1580; x_wconf 92' lang='lat' dir='ltr'>est.</span> <span class='ocrx_word' id='word_1_56' title='bbox 403 1509 464 1590; x_wconf 83' lang='lat' dir='ltr'>Qui</span> <span class='ocrx_word' id='word_1_57' title='bbox 483 1510 563 1579; x_wconf 93' lang='lat' dir='ltr'>ordo</span> <span class='ocrx_word' id='word_1_58' title='bbox 588 1531 719 1600; x_wconf 88' lang='lat' dir='ltr'>semper</span> <span class='ocrx_word' id='word_1_59' title='bbox 747 1519 796 1580; x_wconf 87' lang='lat' dir='ltr'>est</span> <span class='ocrx_word' id='word_1_60' title='bbox 816 1509 1017 1594; x_wconf 85' lang='lat' dir='ltr'>observatus,</span> <span class='ocrx_word' id='word_1_61' title='bbox 1038 1509 1174 1600; x_wconf 88' lang='lat' dir='ltr'>ipseque</span> <span class='ocrx_word' id='word_1_62' title='bbox 1203 1511 1239 1578; x_wconf 92' lang='lat' dir='ltr'>B.</span> <span class='ocrx_word' id='word_1_63' title='bbox 1267 1514 1345 1579; x_wconf 79' lang='lat' dir='ltr'>dm-</span> 
     </span>
     <span class='ocr_line' id='line_1_10' title="bbox 321 1624 1349 1716; baseline 0.002 -22"><span class='ocrx_word' id='word_1_64' title='bbox 321 1625 464 1711; x_wconf 91' lang='lat' dir='ltr'>brosius,</span> <span class='ocrx_word' id='word_1_65' title='bbox 485 1649 499 1692; x_wconf 75' lang='lat' dir='ltr'>a</span> <span class='ocrx_word' id='word_1_66' title='bbox 522 1646 622 1716; x_wconf 93' lang='lat' dir='ltr'>quum</span> <span class='ocrx_word' id='word_1_67' title='bbox 648 1626 733 1695; x_wconf 90' lang='lat' dir='ltr'>hano</span> <span class='ocrx_word' id='word_1_68' title='bbox 752 1624 986 1706; x_wconf 85' lang='lat' dir='ltr'>Nicolaitarum</span> <span class='ocrx_word' id='word_1_69' title='bbox 1009 1627 1139 1694; x_wconf 85' lang='lat' dir='ltr'>sordem</span> <span class='ocrx_word' id='word_1_70' title='bbox 1162 1627 1203 1694; x_wconf 95' lang='lat' dir='ltr'>ad</span> <span class='ocrx_word' id='word_1_71' title='bbox 1229 1629 1349 1696; x_wconf 91' lang='lat' dir='ltr'>multo-</span> 
     </span>
     <span class='ocr_line' id='line_1_11' title="bbox 322 1741 1379 1832; baseline 0.003 -23"><span class='ocrx_word' id='word_1_72' title='bbox 322 1762 396 1810; x_wconf 89' lang='lat' dir='ltr'>rum</span> <span class='ocrx_word' id='word_1_73' title='bbox 427 1742 539 1811; x_wconf 85' lang='lat' dir='ltr'>loetere</span> <span class='ocrx_word' id='word_1_74' title='bbox 569 1741 747 1831; x_wconf 88' lang='lat' dir='ltr'>perniciem</span> <span class='ocrx_word' id='word_1_75' title='bbox 778 1741 812 1809; x_wconf 94' lang='lat' dir='ltr'>in</span> <span class='ocrx_word' id='word_1_76' title='bbox 841 1741 902 1810; x_wconf 90' lang='lat' dir='ltr'>bac</span> <span class='ocrx_word' id='word_1_77' title='bbox 932 1741 1015 1810; x_wconf 90' lang='lat' dir='ltr'>urbe</span> <span class='ocrx_word' id='word_1_78' title='bbox 1041 1741 1176 1825; x_wconf 87' lang='lat' dir='ltr'>doleret,</span> <span class='ocrx_word' id='word_1_79' title='bbox 1209 1762 1349 1832; x_wconf 89' lang='lat' dir='ltr'>eamque</span> <span class='ocrx_word' id='word_1_80' title='bbox 1375 1787 1379 1790; x_wconf 97' lang='lat'>-</span> 
     </span>
     <span class='ocr_line' id='line_1_12' title="bbox 321 1839 1350 1948; baseline 0.002 -22"><span class='ocrx_word' id='word_1_81' title='bbox 321 1878 381 1948; x_wconf 88' lang='lat' dir='ltr'>per</span> <span class='ocrx_word' id='word_1_82' title='bbox 410 1879 445 1928; x_wconf 90' lang='lat' dir='ltr'>se</span> <span class='ocrx_word' id='word_1_83' title='bbox 480 1858 568 1926; x_wconf 91' lang='lat' dir='ltr'>solus</span> <span class='ocrx_word' id='word_1_84' title='bbox 599 1839 751 1927; x_wconf 85' lang='lat' dir='ltr'>coercere</span> <span class='ocrx_word' id='word_1_85' title='bbox 780 1877 846 1926; x_wconf 94' lang='lat' dir='ltr'>non</span> <span class='ocrx_word' id='word_1_86' title='bbox 876 1867 999 1948; x_wconf 87' lang='lat' dir='ltr'>posset,</span> <span class='ocrx_word' id='word_1_87' title='bbox 1031 1856 1122 1927; x_wconf 89' lang='lat' dir='ltr'>Sedis</span> <span class='ocrx_word' id='word_1_88' title='bbox 1157 1859 1350 1948; x_wconf 85' lang='lat' dir='ltr'>Apostolicae</span> 
     </span>
     <span class='ocr_line' id='line_1_13' title="bbox 322 1972 699 2064; baseline -0.013 -21"><span class='ocrx_word' id='word_1_89' title='bbox 322 1973 470 2064; x_wconf 89' lang='lat' dir='ltr'>quaesivit</span> <span class='ocrx_word' id='word_1_90' title='bbox 488 1972 656 2042; x_wconf 81' lang='lat' dir='ltr'>auxilium.</span> <span class='ocrx_word' id='word_1_91' title='bbox 685 1997 699 2038; x_wconf 76' lang='lat' dir='ltr'>r</span> 
     </span>
    </p>

    <p class='ocr_par' dir='ltr' id='par_1_5' title="bbox 322 2084 1349 2289">
     <span class='ocr_line' id='line_1_14' title="bbox 367 2084 1349 2175; baseline 0.001 -21"><span class='ocrx_word' id='word_1_92' title='bbox 367 2086 425 2155; x_wconf 91' lang='lat' dir='ltr'>His</span> <span class='ocrx_word' id='word_1_93' title='bbox 444 2085 538 2156; x_wconf 89' lang='lat' dir='ltr'>dictis</span> <span class='ocrx_word' id='word_1_94' title='bbox 556 2085 709 2175; x_wconf 91' lang='lat' dir='ltr'>populus,</span> <span class='ocrx_word' id='word_1_95' title='bbox 731 2086 843 2154; x_wconf 86' lang='lat' dir='ltr'>furore</span> <span class='ocrx_word' id='word_1_96' title='bbox 870 2084 1027 2175; x_wconf 91' lang='lat' dir='ltr'>deposito,</span> <span class='ocrx_word' id='word_1_97' title='bbox 1061 2094 1288 2156; x_wconf 80' lang='lat' dir='ltr'>exsecuturum</span> <span class='ocrx_word' id='word_1_98' title='bbox 1314 2107 1349 2155; x_wconf 90' lang='lat' dir='ltr'>se</span> 
     </span>
     <span class='ocr_line' id='line_1_15' title="bbox 322 2197 1348 2289; baseline -0.001 -22"><span class='ocrx_word' id='word_1_99' title='bbox 322 2198 480 2289; x_wconf 90' lang='lat' dir='ltr'>quidquid</span> <span class='ocrx_word' id='word_1_100' title='bbox 509 2197 685 2267; x_wconf 87' lang='lat' dir='ltr'>Damianns</span> <span class='ocrx_word' id='word_1_101' title='bbox 714 2197 892 2287; x_wconf 83' lang='lat' dir='ltr'>injunxerit</span> <span class='ocrx_word' id='word_1_102' title='bbox 920 2197 1101 2286; x_wconf 86' lang='lat' dir='ltr'>pollicetur.</span> <span class='ocrx_word' id='word_1_103' title='bbox 1134 2197 1348 2287; x_wconf 85' lang='lat' dir='ltr'>inquisitione</span> 
     </span>
    </p>

    <p class='ocr_par' dir='ltr' id='par_1_6' title="bbox 277 2312 1348 2402">
     <span class='ocr_line' id='line_1_16' title="bbox 277 2312 1348 2402; baseline -0.002 -19"><span class='ocrx_word' id='word_1_104' title='bbox 277 2353 279 2356; x_wconf 95' lang='lat'>·</span> <span class='ocrx_word' id='word_1_105' title='bbox 322 2314 533 2396; x_wconf 72' lang='lat' dir='ltr'>iactatibus</span> <span class='ocrx_word' id='word_1_106' title='bbox 565 2335 583 2383; x_wconf 93' lang='lat' dir='ltr'>e</span> <span class='ocrx_word' id='word_1_107' title='bbox 612 2323 701 2382; x_wconf 90' lang='lat' dir='ltr'>tanto</span> <span class='ocrx_word' id='word_1_108' title='bbox 731 2332 870 2381; x_wconf 92' lang='lat' dir='ltr'>numero</span> <span class='ocrx_word' id='word_1_109' title='bbox 900 2312 1063 2402; x_wconf 86' lang='lat' dir='ltr'>quispiam</span> <span class='ocrx_word' id='word_1_110' title='bbox 1101 2323 1270 2402; x_wconf 93' lang='lat' dir='ltr'>promotus</span> <span class='ocrx_word' id='word_1_111' title='bbox 1307 2315 1348 2381; x_wconf 89' lang='lat' dir='ltr'>ad</span> 
     </span>
    </p>

    <p class='ocr_par' dir='ltr' id='par_1_7' title="bbox 322 2427 1350 3094">
     <span class='ocr_line' id='line_1_17' title="bbox 323 2427 1349 2519; baseline -0.002 -20"><span class='ocrx_word' id='word_1_112' title='bbox 323 2431 471 2499; x_wconf 88' lang='lat' dir='ltr'>ordinem</span> <span class='ocrx_word' id='word_1_113' title='bbox 500 2430 569 2498; x_wconf 89' lang='lat' dir='ltr'>sine</span> <span class='ocrx_word' id='word_1_114' title='bbox 599 2429 702 2519; x_wconf 90' lang='lat' dir='ltr'>pretio</span> <span class='ocrx_word' id='word_1_115' title='bbox 732 2428 907 2516; x_wconf 87' lang='lat' dir='ltr'>reperitur.</span> <span class='ocrx_word' id='word_1_116' title='bbox 934 2427 1128 2518; x_wconf 79' lang='lat' dir='ltr'>»Quisquis</span> <span class='ocrx_word' id='word_1_117' title='bbox 1155 2427 1255 2512; x_wconf 90' lang='lat' dir='ltr'>enim,</span> <span class='ocrx_word' id='word_1_118' title='bbox 1277 2429 1349 2511; x_wconf 93' lang='lat' dir='ltr'>ipso</span> 
     </span>
     <span class='ocr_line' id='line_1_18' title="bbox 322 2541 1350 2634; baseline -0.002 -23"><span class='ocrx_word' id='word_1_119' title='bbox 322 2544 442 2612; x_wconf 87' lang='lat' dir='ltr'>latente</span> <span class='ocrx_word' id='word_1_120' title='bbox 471 2543 634 2634; x_wconf 88' lang='lat' dir='ltr'>episeopo,</span> <span class='ocrx_word' id='word_1_121' title='bbox 655 2543 695 2610; x_wconf 87' lang='lat' dir='ltr'>ad</span> <span class='ocrx_word' id='word_1_122' title='bbox 715 2541 879 2611; x_wconf 82' lang='lat' dir='ltr'>clericales</span> <span class='ocrx_word' id='word_1_123' title='bbox 899 2541 1030 2610; x_wconf 86' lang='lat' dir='ltr'>ordines</span> <span class='ocrx_word' id='word_1_124' title='bbox 1050 2541 1277 2630; x_wconf 86' lang='lat' dir='ltr'>provehendus</span> <span class='ocrx_word' id='word_1_125' title='bbox 1296 2562 1350 2610; x_wconf 90' lang='lat' dir='ltr'>ac·</span> 
     </span>
     <span class='ocr_line' id='line_1_19' title="bbox 323 2646 1349 2756; baseline -0.005 -27"><span class='ocrx_word' id='word_1_126' title='bbox 323 2659 468 2756; x_wconf 89' lang='lat' dir='ltr'>cedebat,</span> <span class='ocrx_word' id='word_1_127' title='bbox 498 2683 512 2726; x_wconf 82' lang='lat'><strong>«</strong></span> <span class='ocrx_word' id='word_1_128' title='bbox 551 2661 591 2728; x_wconf 93' lang='lat' dir='ltr'>de</span> <span class='ocrx_word' id='word_1_129' title='bbox 618 2659 850 2728; x_wconf 86' lang='lat' dir='ltr'>subdiaconatu</span> <span class='ocrx_word' id='word_1_130' title='bbox 879 2658 1011 2747; x_wconf 86' lang='lat' dir='ltr'>quidem</span> <span class='ocrx_word' id='word_1_131' title='bbox 1048 2646 1220 2725; x_wconf 85' lang='lat' dir='ltr'>duodecim</span> <span class='ocrx_word' id='word_1_132' title='bbox 1253 2676 1349 2725; x_wconf 91' lang='lat' dir='ltr'>nnm-</span> 
     </span>
     <span class='ocr_line' id='line_1_20' title="bbox 324 2772 1350 2861; baseline -0.004 -17"><span class='ocrx_word' id='word_1_133' title='bbox 324 2796 407 2858; x_wconf 88' lang='lat' dir='ltr'>mos,</span> <span class='ocrx_word' id='word_1_134' title='bbox 440 2777 479 2844; x_wconf 90' lang='lat' dir='ltr'>de</span> <span class='ocrx_word' id='word_1_135' title='bbox 510 2775 682 2846; x_wconf 87' lang='lat' dir='ltr'>diaconatu</span> <span class='ocrx_word' id='word_1_136' title='bbox 706 2794 783 2842; x_wconf 92' lang='lat' dir='ltr'>vero</span> <span class='ocrx_word' id='word_1_137' title='bbox 809 2775 921 2841; x_wconf 86' lang='lat' dir='ltr'>decem</span> <span class='ocrx_word' id='word_1_138' title='bbox 944 2783 976 2840; x_wconf 91' lang='lat' dir='ltr'>et</span> <span class='ocrx_word' id='word_1_139' title='bbox 1009 2781 1092 2856; x_wconf 92' lang='lat' dir='ltr'>octo,</span> <span class='ocrx_word' id='word_1_140' title='bbox 1122 2780 1285 2861; x_wconf 85' lang='lat' dir='ltr'>postremo</span> <span class='ocrx_word' id='word_1_141' title='bbox 1311 2772 1350 2840; x_wconf 92' lang='lat' dir='ltr'>de</span> 
     </span>
     <span class='ocr_line' id='line_1_21' title="bbox 323 2885 1349 2982; baseline -0.004 -24"><span class='ocrx_word' id='word_1_142' title='bbox 323 2891 549 2982; x_wconf 80' lang='lat' dir='ltr'>presbyteratu</span> <span class='ocrx_word' id='word_1_143' title='bbox 573 2889 780 2978; x_wconf 89' lang='lat' dir='ltr'>suscipiendo</span> <span class='ocrx_word' id='word_1_144' title='bbox 809 2885 929 2976; x_wconf 85' lang='lat' dir='ltr'>vigenti</span> <span class='ocrx_word' id='word_1_145' title='bbox 961 2895 1114 2976; x_wconf 80' lang='lat' dir='ltr'>quatuor,</span> <span class='ocrx_word' id='word_1_146' title='bbox 1141 2885 1235 2975; x_wconf 88' lang='lat' dir='ltr'>quasi</span> <span class='ocrx_word' id='word_1_147' title='bbox 1266 2907 1349 2975; x_wconf 84' lang='lat' dir='ltr'>prae·</span> 
     </span>
     <span class='ocr_line' id='line_1_22' title="bbox 324 3003 965 3094; baseline -0.009 -20"><span class='ocrx_word' id='word_1_148' title='bbox 324 3007 419 3074; x_wconf 85' lang='lat' dir='ltr'>finam</span> <span class='ocrx_word' id='word_1_149' title='bbox 439 3005 632 3076; x_wconf 89' lang='lat' dir='ltr'>conditionis</span> <span class='ocrx_word' id='word_1_150' title='bbox 651 3005 798 3094; x_wconf 81' lang='lat' dir='ltr'>regulam</span> <span class='ocrx_word' id='word_1_151' title='bbox 818 3003 925 3071; x_wconf 81' lang='lat' dir='ltr'>dabat.</span> <span class='ocrx_word' id='word_1_152' title='bbox 951 3025 965 3066; x_wconf 80' lang='lat' dir='ltr'>r</span> 
     </span>
    </p>

    <p class='ocr_par' dir='ltr' id='par_1_8' title="bbox 324 3116 1353 4142">
     <span class='ocr_line' id='line_1_23' title="bbox 369 3116 1350 3211; baseline -0.008 -21"><span class='ocrx_word' id='word_1_153' title='bbox 369 3123 448 3192; x_wconf 92' lang='lat' dir='ltr'>Inde</span> <span class='ocrx_word' id='word_1_154' title='bbox 474 3142 670 3211; x_wconf 82' lang='lat' dir='ltr'>magnopere</span> <span class='ocrx_word' id='word_1_155' title='bbox 702 3119 829 3188; x_wconf 91' lang='lat' dir='ltr'>solliciti</span> <span class='ocrx_word' id='word_1_156' title='bbox 854 3117 972 3206; x_wconf 85' lang='lat' dir='ltr'>legati:</span> <span class='ocrx_word' id='word_1_157' title='bbox 1005 3118 1170 3207; x_wconf 94' lang='lat' dir='ltr'>quomodo</span> <span class='ocrx_word' id='word_1_158' title='bbox 1192 3116 1227 3183; x_wconf 95' lang='lat' dir='ltr'>in</span> <span class='ocrx_word' id='word_1_159' title='bbox 1246 3126 1350 3185; x_wconf 90' lang='lat' dir='ltr'>totum</span> 
     </span>
     <span class='ocr_line' id='line_1_24' title="bbox 324 3231 1350 3328; baseline -0.01 -21"><span class='ocrx_word' id='word_1_160' title='bbox 324 3249 421 3308; x_wconf 87' lang='lat' dir='ltr'>tantae</span> <span class='ocrx_word' id='word_1_161' title='bbox 457 3250 587 3328; x_wconf 87' lang='lat' dir='ltr'>tamque</span> <span class='ocrx_word' id='word_1_162' title='bbox 611 3237 738 3327; x_wconf 81' lang='lat' dir='ltr'>inclytae</span> <span class='ocrx_word' id='word_1_163' title='bbox 774 3236 950 3304; x_wconf 90' lang='lat' dir='ltr'>dioeceseos</span> <span class='ocrx_word' id='word_1_164' title='bbox 976 3235 1099 3301; x_wconf 91' lang='lat' dir='ltr'>clerum</span> <span class='ocrx_word' id='word_1_165' title='bbox 1123 3231 1282 3301; x_wconf 81' lang='lat' dir='ltr'>saeviant‘.l</span> <span class='ocrx_word' id='word_1_166' title='bbox 1318 3232 1350 3300; x_wconf 89' lang='lat' dir='ltr'>Si</span> 
     </span>
     <span class='ocr_line' id='line_1_25' title="bbox 324 3347 1350 3443; baseline -0.009 -20"><span class='ocrx_word' id='word_1_167' title='bbox 324 3365 433 3423; x_wconf 89' lang='lat' dir='ltr'>autem</span> <span class='ocrx_word' id='word_1_168' title='bbox 476 3354 557 3423; x_wconf 89' lang='lat' dir='ltr'>alios</span> <span class='ocrx_word' id='word_1_169' title='bbox 587 3354 740 3443; x_wconf 87' lang='lat' dir='ltr'>plectant,</span> <span class='ocrx_word' id='word_1_170' title='bbox 775 3351 846 3419; x_wconf 90' lang='lat' dir='ltr'>aliis</span> <span class='ocrx_word' id='word_1_171' title='bbox 876 3351 1093 3439; x_wconf 86' lang='lat' dir='ltr'>ignoscentes,</span> <span class='ocrx_word' id='word_1_172' title='bbox 1125 3348 1181 3416; x_wconf 95' lang='lat' dir='ltr'>ubi</span> <span class='ocrx_word' id='word_1_173' title='bbox 1210 3347 1350 3436; x_wconf 87' lang='lat' dir='ltr'>justitia,</span> 
     </span>
     <span class='ocr_line' id='line_1_26' title="bbox 324 3445 1352 3561; baseline -0.01 -21"><span class='ocrx_word' id='word_1_174' title='bbox 324 3492 426 3561; x_wconf 92' lang='lat' dir='ltr'>quum</span> <span class='ocrx_word' id='word_1_175' title='bbox 446 3473 558 3539; x_wconf 90' lang='lat' dir='ltr'>eodem</span> <span class='ocrx_word' id='word_1_176' title='bbox 583 3490 696 3538; x_wconf 88' lang='lat' dir='ltr'>omnes</span> <span class='ocrx_word' id='word_1_177' title='bbox 715 3468 791 3536; x_wconf 86' lang='lat' dir='ltr'>vitio</span> <span class='ocrx_word' id='word_1_178' title='bbox 820 3465 1029 3556; x_wconf 77' lang='lat' dir='ltr'>polluantur?</span> <span class='ocrx_word' id='word_1_179' title='bbox 1058 3445 1105 3533; x_wconf 88' lang='lat' dir='ltr'>lta</span> <span class='ocrx_word' id='word_1_180' title='bbox 1128 3463 1352 3532; x_wconf 87' lang='lat' dir='ltr'>dubitantibus</span> 
     </span>
     <span class='ocr_line' id='line_1_27' title="bbox 324 3578 1352 3671; baseline -0.009 -17"><span class='ocrx_word' id='word_1_181' title='bbox 324 3587 358 3654; x_wconf 93' lang='lat' dir='ltr'>in</span> <span class='ocrx_word' id='word_1_182' title='bbox 377 3597 518 3656; x_wconf 86' lang='lat' dir='ltr'>mentem</span> <span class='ocrx_word' id='word_1_183' title='bbox 545 3585 686 3655; x_wconf 88' lang='lat' dir='ltr'>recurrit</span> <span class='ocrx_word' id='word_1_184' title='bbox 714 3581 891 3652; x_wconf 89' lang='lat' dir='ltr'>innocentii</span> <span class='ocrx_word' id='word_1_185' title='bbox 912 3602 1005 3671; x_wconf 79' lang='lat' dir='ltr'>papae</span> <span class='ocrx_word' id='word_1_186' title='bbox 1021 3578 1197 3648; x_wconf 88' lang='lat' dir='ltr'>sententia:</span> <span class='ocrx_word' id='word_1_187' title='bbox 1222 3579 1352 3661; x_wconf 80' lang='lat' dir='ltr'>Qoodo</span> 
     </span>
     <span class='ocr_line' id='line_1_28' title="bbox 324 3693 1353 3793; baseline -0.014 -20"><span class='ocrx_word' id='word_1_188' title='bbox 324 3704 438 3772; x_wconf 83' lang='lat' dir='ltr'>moltis</span> <span class='ocrx_word' id='word_1_189' title='bbox 463 3710 612 3793; x_wconf 82' lang='lat' dir='ltr'>peccator</span> <span class='ocrx_word' id='word_1_190' title='bbox 641 3701 787 3769; x_wconf 83' lang='lat' dir='ltr'>inultum</span> <span class='ocrx_word' id='word_1_191' title='bbox 816 3707 874 3766; x_wconf 83' lang='lat' dir='ltr'>est.</span> <span class='ocrx_word' id='word_1_192' title='bbox 906 3719 924 3765; x_wconf 78' lang='lat' dir='ltr'>c</span> <span class='ocrx_word' id='word_1_193' title='bbox 951 3697 988 3764; x_wconf 91' lang='lat' dir='ltr'>ln</span> <span class='ocrx_word' id='word_1_194' title='bbox 1017 3705 1106 3764; x_wconf 89' lang='lat' dir='ltr'>arcto</span> <span class='ocrx_word' id='word_1_195' title='bbox 1132 3693 1242 3784; x_wconf 92' lang='lat' dir='ltr'>positi,</span> <span class='ocrx_word' id='word_1_196' title='bbox 1277 3693 1353 3782; x_wconf 88' lang='lat' dir='ltr'>qnia</span> 
     </span>
     <span class='ocr_line' id='line_1_29' title="bbox 324 3811 1351 3909; baseline -0.014 -20"><span class='ocrx_word' id='word_1_197' title='bbox 324 3840 390 3889; x_wconf 94' lang='lat' dir='ltr'>non</span> <span class='ocrx_word' id='word_1_198' title='bbox 422 3829 609 3909; x_wconf 89' lang='lat' dir='ltr'>poteramus</span> <span class='ocrx_word' id='word_1_199' title='bbox 644 3817 730 3884; x_wconf 88' lang='lat' dir='ltr'>mala</span> <span class='ocrx_word' id='word_1_200' title='bbox 770 3814 857 3882; x_wconf 92' lang='lat' dir='ltr'>illius</span> <span class='ocrx_word' id='word_1_201' title='bbox 895 3811 1039 3881; x_wconf 89' lang='lat' dir='ltr'>ecclesiae</span> <span class='ocrx_word' id='word_1_202' title='bbox 1069 3829 1159 3879; x_wconf 89' lang='lat' dir='ltr'>mera</span> <span class='ocrx_word' id='word_1_203' title='bbox 1188 3829 1351 3880; x_wconf 86' lang='lat' dir='ltr'>canonum</span> 
     </span>
     <span class='ocr_line' id='line_1_30' title="bbox 325 3923 1352 4022; baseline -0.014 -17"><span class='ocrx_word' id='word_1_204' title='bbox 325 3937 517 4005; x_wconf 87' lang='lat' dir='ltr'>anctoritate</span> <span class='ocrx_word' id='word_1_205' title='bbox 539 3934 716 4022; x_wconf 84' lang='lat' dir='ltr'>corrigere,</span> <span class='ocrx_word' id='word_1_206' title='bbox 738 3929 923 3999; x_wconf 91' lang='lat' dir='ltr'>studuimus</span> <span class='ocrx_word' id='word_1_207' title='bbox 942 3929 1056 3997; x_wconf 86' lang='lat' dir='ltr'>saltem</span> <span class='ocrx_word' id='word_1_208' title='bbox 1085 3923 1247 4016; x_wconf 89' lang='lat' dir='ltr'>perversis</span> <span class='ocrx_word' id='word_1_209' title='bbox 1281 3923 1352 4014; x_wconf 89' lang='lat' dir='ltr'>ejus</span> 
     </span>
     <span class='ocr_line' id='line_1_31' title="bbox 327 4050 1031 4142; baseline -0.018 -23"><span class='ocrx_word' id='word_1_210' title='bbox 327 4052 440 4120; x_wconf 91' lang='lat' dir='ltr'>usibus</span> <span class='ocrx_word' id='word_1_211' title='bbox 458 4051 558 4119; x_wconf 87' lang='lat' dir='ltr'>finem</span> <span class='ocrx_word' id='word_1_212' title='bbox 577 4050 758 4138; x_wconf 87' lang='lat' dir='ltr'>imponere.</span> <span class='ocrx_word' id='word_1_213' title='bbox 784 4068 798 4110; x_wconf 80' lang='lat' dir='ltr'>o</span> <span class='ocrx_word' id='word_1_214' title='bbox 1029 4139 1031 4142; x_wconf 15' lang='grc' dir='ltr'>Ι</span> 
     </span>
    </p>

    <p class='ocr_par' dir='ltr' id='par_1_9' title="bbox 369 4155 1354 4254">
     <span class='ocr_line' id='line_1_32' title="bbox 369 4155 1354 4254; baseline -0.014 -18"><span class='ocrx_word' id='word_1_215' title='bbox 369 4166 493 4247; x_wconf 86' lang='lat' dir='ltr'>Quibus</span> <span class='ocrx_word' id='word_1_216' title='bbox 525 4166 568 4235; x_wconf 84' lang='lat' dir='ltr'>ita</span> <span class='ocrx_word' id='word_1_217' title='bbox 598 4164 774 4254; x_wconf 90' lang='lat' dir='ltr'>dispositis,</span> <span class='ocrx_word' id='word_1_218' title='bbox 812 4163 929 4247; x_wconf 87' lang='lat' dir='ltr'>Gnido,</span> <span class='ocrx_word' id='word_1_219' title='bbox 962 4155 1211 4228; x_wconf 83' lang='lat' dir='ltr'>Mediolanensis</span> <span class='ocrx_word' id='word_1_220' title='bbox 1244 4155 1354 4225; x_wconf 88' lang='lat' dir='ltr'>arehi-</span> 
     </span>
    </p>
   </div>
   <div class='ocr_carea' id='block_1_3' title="bbox 0 0 1569 5050">
    <p class='ocr_par' dir='ltr' id='par_1_10' title="bbox 0 0 1569 5050">
     <span class='ocr_line' id='line_1_33' title="bbox 0 0 1569 5050; baseline 0 0"><span class='ocrx_word' id='word_1_221' title='bbox 0 0 1569 5050; x_wconf 95' lang='lat' dir='ltr'> </span> 
     </span>
    </p>
   </div>
  </div>
 </body>
</html>
