<?xml version="1.0" encoding="UTF-8"?>
<!DOCTYPE html PUBLIC "-//W3C//DTD XHTML 1.0 Transitional//EN"
    "http://www.w3.org/TR/xhtml1/DTD/xhtml1-transitional.dtd">
<html xmlns="http://www.w3.org/1999/xhtml" xml:lang="en" lang="en">
 <head>
  <title>
</title>
<meta http-equiv="Content-Type" content="text/html;charset=utf-8" />
  <meta name='ocr-system' content='tesseract 3.04.00' />
  <meta name='ocr-capabilities' content='ocr_page ocr_carea ocr_par ocr_line ocrx_word'/>
</head>
<body>
  <div class='ocr_page' id='page_1' title='image "./depetrodamianoo00guergoog_0071.png"; bbox 0 0 3116 5050; ppageno 0'>
   <div class='ocr_carea' id='block_1_1' title="bbox 782 599 1062 660">
    <p class='ocr_par' dir='ltr' id='par_1_1' title="bbox 782 599 1062 660">
     <span class='ocr_line' id='line_1_1' title="bbox 782 599 1062 660; baseline -0.014 0"><span class='ocrx_word' id='word_1_1' title='bbox 782 599 943 660; x_wconf 73' lang='lat'><strong>-52-</strong></span> <span class='ocrx_word' id='word_1_2' title='bbox 1059 651 1062 656; x_wconf 87' lang='lat'><em>.</em></span> 
     </span>
    </p>
   </div>
   <div class='ocr_carea' id='block_1_2' title="bbox 253 731 1464 2903">
    <p class='ocr_par' dir='ltr' id='par_1_2' title="bbox 346 731 1378 1263">
     <span class='ocr_line' id='line_1_2' title="bbox 349 731 1378 823; baseline 0.004 -21"><span class='ocrx_word' id='word_1_3' title='bbox 349 731 506 802; x_wconf 89' lang='lat' dir='ltr'><strong>electione</strong></span> <span class='ocrx_word' id='word_1_4' title='bbox 525 732 745 801; x_wconf 91' lang='lat' dir='ltr'><strong>necessarium</strong></span> <span class='ocrx_word' id='word_1_5' title='bbox 764 732 856 801; x_wconf 87' lang='lat' dir='ltr'><strong>facile</strong></span> <span class='ocrx_word' id='word_1_6' title='bbox 887 733 1057 823; x_wconf 88' lang='lat' dir='ltr'><strong>probatur,</strong></span> <span class='ocrx_word' id='word_1_7' title='bbox 1091 754 1194 823; x_wconf 92' lang='lat' dir='ltr'><strong>quum</strong></span> <span class='ocrx_word' id='word_1_8' title='bbox 1224 755 1378 806; x_wconf 87' lang='lat' dir='ltr'>assensus</span> 
     </span>
     <span class='ocr_line' id='line_1_3' title="bbox 347 845 1378 937; baseline 0.005 -22"><span class='ocrx_word' id='word_1_9' title='bbox 347 847 401 915; x_wconf 92' lang='lat' dir='ltr'><strong>ille</strong></span> <span class='ocrx_word' id='word_1_10' title='bbox 420 847 573 916; x_wconf 90' lang='lat' dir='ltr'><strong>omnibns</strong></span> <span class='ocrx_word' id='word_1_11' title='bbox 603 847 670 916; x_wconf 85' lang='lat' dir='ltr'><strong>fere</strong></span> <span class='ocrx_word' id='word_1_12' title='bbox 700 845 920 937; x_wconf 86' lang='lat' dir='ltr'><strong>pontificibus,</strong></span> <span class='ocrx_word' id='word_1_13' title='bbox 957 849 1047 917; x_wconf 95' lang='lat' dir='ltr'><strong>nullo</strong></span> <span class='ocrx_word' id='word_1_14' title='bbox 1080 850 1288 934; x_wconf 83' lang='lat' dir='ltr'>reclamante,</span> <span class='ocrx_word' id='word_1_15' title='bbox 1320 852 1378 920; x_wconf 87' lang='lat' dir='ltr'><strong>de-</strong></span> 
     </span>
     <span class='ocr_line' id='line_1_4' title="bbox 347 962 1377 1054; baseline 0.004 -23"><span class='ocrx_word' id='word_1_16' title='bbox 347 963 444 1032; x_wconf 87' lang='lat' dir='ltr'><strong>fuerit</strong></span> <span class='ocrx_word' id='word_1_17' title='bbox 459 964 576 1053; x_wconf 41' lang='lat' dir='ltr'><strong>;,quod</strong></span> <span class='ocrx_word' id='word_1_18' title='bbox 599 962 709 1051; x_wconf 82' lang='lat' dir='ltr'><strong>regius</strong></span> <span class='ocrx_word' id='word_1_19' title='bbox 729 982 843 1031; x_wconf 91' lang='lat' dir='ltr'><strong>verum</strong></span> <span class='ocrx_word' id='word_1_20' title='bbox 861 963 980 1031; x_wconf 83' lang='lat' dir='ltr'><strong>latetur</strong></span> <span class='ocrx_word' id='word_1_21' title='bbox 998 964 1182 1033; x_wconf 89' lang='lat' dir='ltr'><strong>advocatus.</strong></span> <span class='ocrx_word' id='word_1_22' title='bbox 1204 964 1275 1054; x_wconf 83' lang='lat' dir='ltr'><strong>lpse</strong></span> <span class='ocrx_word' id='word_1_23' title='bbox 1299 987 1377 1035; x_wconf 89' lang='lat' dir='ltr'><strong>vero</strong></span> 
     </span>
     <span class='ocr_line' id='line_1_5' title="bbox 346 1078 1378 1172; baseline 0.003 -24"><span class='ocrx_word' id='word_1_24' title='bbox 346 1089 539 1170; x_wconf 84' lang='lat' dir='ltr'><strong>argumento</strong></span> <span class='ocrx_word' id='word_1_25' title='bbox 559 1078 680 1169; x_wconf 84' lang='lat' dir='ltr'>duplici</span> <span class='ocrx_word' id='word_1_26' title='bbox 698 1078 821 1168; x_wconf 82' lang='lat' dir='ltr'><strong>regiam</strong></span> <span class='ocrx_word' id='word_1_27' title='bbox 842 1079 1089 1168; x_wconf 82' lang='lat' dir='ltr'><strong>praerogatiuam</strong></span> <span class='ocrx_word' id='word_1_28' title='bbox 1112 1080 1228 1150; x_wconf 82' lang='lat' dir='ltr'><strong>fulcire</strong></span> <span class='ocrx_word' id='word_1_29' title='bbox 1259 1103 1378 1172; x_wconf 82' lang='lat' dir='ltr'><strong>aggre-</strong></span> 
     </span>
     <span class='ocr_line' id='line_1_6' title="bbox 346 1193 446 1263; baseline 0.01 -1"><span class='ocrx_word' id='word_1_30' title='bbox 346 1193 446 1263; x_wconf 90' lang='lat' dir='ltr'><strong>ditur.</strong></span> 
     </span>
    </p>

    <p class='ocr_par' dir='ltr' id='par_1_3' title="bbox 346 1307 1464 1630">
     <span class='ocr_line' id='line_1_7' title="bbox 389 1307 1464 1399; baseline 0.006 -23"><span class='ocrx_word' id='word_1_31' title='bbox 389 1308 426 1376; x_wconf 87' lang='lat' dir='ltr'><strong>l⁰</strong></span> <span class='ocrx_word' id='word_1_32' title='bbox 446 1307 538 1377; x_wconf 82' lang='lat' dir='ltr'><strong>Enim</strong></span> <span class='ocrx_word' id='word_1_33' title='bbox 557 1308 717 1378; x_wconf 90' lang='lat' dir='ltr'><strong>Henricus</strong></span> <span class='ocrx_word' id='word_1_34' title='bbox 732 1307 775 1376; x_wconf 98' lang='lat' dir='ltr'><strong>lll</strong></span> <span class='ocrx_word' id='word_1_35' title='bbox 791 1308 1015 1377; x_wconf 88' lang='lat' dir='ltr'><strong>Romanorum</strong></span> <span class='ocrx_word' id='word_1_36' title='bbox 1027 1309 1184 1399; x_wconf 89' lang='lat' dir='ltr'><strong>patricius</strong></span> <span class='ocrx_word' id='word_1_37' title='bbox 1196 1311 1300 1380; x_wconf 88' lang='lat' dir='ltr'><strong>lactus</strong></span> <span class='ocrx_word' id='word_1_38' title='bbox 1313 1323 1375 1396; x_wconf 91' lang='lat' dir='ltr'><strong>est,</strong></span> <span class='ocrx_word' id='word_1_39' title='bbox 1462 1335 1464 1338; x_wconf 89' lang='lat'>·</span> 
     </span>
     <span class='ocr_line' id='line_1_8' title="bbox 346 1421 1378 1517; baseline 0.004 -24"><span class='ocrx_word' id='word_1_40' title='bbox 346 1445 365 1493; x_wconf 92' lang='lat' dir='ltr'><strong>a</strong></span> <span class='ocrx_word' id='word_1_41' title='bbox 384 1424 504 1513; x_wconf 91' lang='lat' dir='ltr'><strong>quibus</strong></span> <span class='ocrx_word' id='word_1_42' title='bbox 523 1423 558 1502; x_wconf 92' lang='lat' dir='ltr'><strong>in</strong></span> <span class='ocrx_word' id='word_1_43' title='bbox 576 1423 724 1512; x_wconf 87' lang='lat' dir='ltr'><strong>eligendo</strong></span> <span class='ocrx_word' id='word_1_44' title='bbox 744 1421 896 1512; x_wconf 91' lang='lat' dir='ltr'><strong>pontitice</strong></span> <span class='ocrx_word' id='word_1_45' title='bbox 915 1423 1134 1514; x_wconf 82' lang='lat' dir='ltr'><strong>principatum</strong></span> <span class='ocrx_word' id='word_1_46' title='bbox 1153 1427 1289 1517; x_wconf 87' lang='lat' dir='ltr'><strong>accepit.</strong></span> <span class='ocrx_word' id='word_1_47' title='bbox 1318 1428 1378 1497; x_wconf 86' lang='lat' dir='ltr'><strong>lus</strong></span> 
     </span>
     <span class='ocr_line' id='line_1_9' title="bbox 347 1537 1182 1630; baseline 0.004 -22"><span class='ocrx_word' id='word_1_48' title='bbox 347 1549 456 1608; x_wconf 91' lang='lat' dir='ltr'><strong>autem</strong></span> <span class='ocrx_word' id='word_1_49' title='bbox 476 1540 556 1608; x_wconf 94' lang='lat' dir='ltr'><strong>illud</strong></span> <span class='ocrx_word' id='word_1_50' title='bbox 575 1561 594 1608; x_wconf 90' lang='lat' dir='ltr'><strong>a</strong></span> <span class='ocrx_word' id='word_1_51' title='bbox 611 1550 704 1630; x_wconf 86' lang='lat' dir='ltr'><strong>patre</strong></span> <span class='ocrx_word' id='word_1_52' title='bbox 724 1538 865 1608; x_wconf 90' lang='lat' dir='ltr'><strong>Henrico</strong></span> <span class='ocrx_word' id='word_1_53' title='bbox 884 1537 922 1606; x_wconf 94' lang='lat' dir='ltr'><strong>lll</strong></span> <span class='ocrx_word' id='word_1_54' title='bbox 943 1539 1182 1611; x_wconf 91' lang='lat' dir='ltr'><strong>transmissum.</strong></span> 
     </span>
    </p>

    <p class='ocr_par' dir='ltr' id='par_1_4' title="bbox 346 1655 1377 1957">
     <span class='ocr_line' id='line_1_10' title="bbox 388 1655 1377 1746; baseline 0.005 -24"><span class='ocrx_word' id='word_1_55' title='bbox 388 1655 427 1722; x_wconf 65' lang='lat'><strong>2⁰</strong></span> <span class='ocrx_word' id='word_1_56' title='bbox 445 1656 513 1725; x_wconf 95' lang='lat' dir='ltr'><strong>lmo</strong></span> <span class='ocrx_word' id='word_1_57' title='bbox 532 1657 617 1725; x_wconf 87' lang='lat' dir='ltr'><strong>hanc</strong></span> <span class='ocrx_word' id='word_1_58' title='bbox 635 1655 775 1725; x_wconf 90' lang='lat' dir='ltr'><strong>Henrico</strong></span> <span class='ocrx_word' id='word_1_59' title='bbox 796 1655 846 1739; x_wconf 86' lang='lat' dir='ltr'><strong>lll,</strong></span> <span class='ocrx_word' id='word_1_60' title='bbox 866 1675 927 1723; x_wconf 90' lang='lat' dir='ltr'><strong>nec</strong></span> <span class='ocrx_word' id='word_1_61' title='bbox 950 1676 1017 1724; x_wconf 94' lang='lat' dir='ltr'><strong>non</strong></span> <span class='ocrx_word' id='word_1_62' title='bbox 1041 1655 1112 1746; x_wconf 86' lang='lat' dir='ltr'><strong>ejus</strong></span> <span class='ocrx_word' id='word_1_63' title='bbox 1132 1657 1377 1731; x_wconf 86' lang='lat' dir='ltr'><strong>successoribus</strong></span> 
     </span>
     <span class='ocr_line' id='line_1_11' title="bbox 346 1755 1374 1872; baseline 0.001 -31"><span class='ocrx_word' id='word_1_64' title='bbox 346 1755 606 1862; x_wconf 83' lang='lat' dir='ltr'><strong>praerogativam,</strong></span> <span class='ocrx_word' id='word_1_65' title='bbox 643 1771 788 1864; x_wconf 72' lang='lat' dir='ltr'>synodali</span> <span class='ocrx_word' id='word_1_66' title='bbox 818 1771 960 1852; x_wconf 83' lang='lat' dir='ltr'><strong>decreto,</strong></span> <span class='ocrx_word' id='word_1_67' title='bbox 995 1770 1148 1842; x_wconf 88' lang='lat' dir='ltr'><strong>Nicolaus</strong></span> <span class='ocrx_word' id='word_1_68' title='bbox 1181 1774 1374 1872; x_wconf 89' lang='lat' dir='ltr'><strong>nuperrime</strong></span> 
     </span>
     <span class='ocr_line' id='line_1_12' title="bbox 346 1887 558 1957; baseline -0.009 0"><span class='ocrx_word' id='word_1_69' title='bbox 346 1887 558 1957; x_wconf 87' lang='lat' dir='ltr'><strong>confirmavit.</strong></span> 
     </span>
    </p>

    <p class='ocr_par' dir='ltr' id='par_1_5' title="bbox 253 2002 1378 2903">
     <span class='ocr_line' id='line_1_13' title="bbox 388 2002 1375 2094; baseline 0 -22"><span class='ocrx_word' id='word_1_70' title='bbox 388 2005 503 2072; x_wconf 88' lang='lat' dir='ltr'><strong>Ratam</strong></span> <span class='ocrx_word' id='word_1_71' title='bbox 522 2023 592 2071; x_wconf 88' lang='lat' dir='ltr'><strong>esse</strong></span> <span class='ocrx_word' id='word_1_72' title='bbox 618 2002 844 2091; x_wconf 80' lang='lat' dir='ltr'><strong>integramque</strong></span> <span class='ocrx_word' id='word_1_73' title='bbox 875 2022 1007 2070; x_wconf 90' lang='lat' dir='ltr'><strong>manere</strong></span> <span class='ocrx_word' id='word_1_74' title='bbox 1028 2003 1114 2092; x_wconf 83' lang='lat' dir='ltr'><strong>regis</strong></span> <span class='ocrx_word' id='word_1_75' title='bbox 1126 2004 1375 2094; x_wconf 75' lang='lat' dir='ltr'><strong>praerogativam</strong></span> 
     </span>
     <span class='ocr_line' id='line_1_14' title="bbox 347 2116 1377 2208; baseline 0 -20"><span class='ocrx_word' id='word_1_76' title='bbox 347 2119 522 2188; x_wconf 89' lang='lat' dir='ltr'><strong>assentitur</strong></span> <span class='ocrx_word' id='word_1_77' title='bbox 541 2119 623 2186; x_wconf 90' lang='lat' dir='ltr'><strong>alter</strong></span> <span class='ocrx_word' id='word_1_78' title='bbox 637 2140 645 2200; x_wconf 91' lang='lat'>;</span> <span class='ocrx_word' id='word_1_79' title='bbox 666 2139 684 2185; x_wconf 91' lang='lat' dir='ltr'><strong>a</strong></span> <span class='ocrx_word' id='word_1_80' title='bbox 698 2139 733 2185; x_wconf 90' lang='lat' dir='ltr'><strong>re</strong></span> <span class='ocrx_word' id='word_1_81' title='bbox 748 2116 921 2186; x_wconf 89' lang='lat' dir='ltr'><strong>constituta</strong></span> <span class='ocrx_word' id='word_1_82' title='bbox 933 2117 1051 2186; x_wconf 87' lang='lat' dir='ltr'><strong>latetur</strong></span> <span class='ocrx_word' id='word_1_83' title='bbox 1065 2117 1165 2187; x_wconf 87' lang='lat' dir='ltr'><strong>luisse</strong></span> <span class='ocrx_word' id='word_1_84' title='bbox 1177 2118 1211 2185; x_wconf 95' lang='lat' dir='ltr'><strong>in</strong></span> <span class='ocrx_word' id='word_1_85' title='bbox 1227 2119 1377 2208; x_wconf 83' lang='lat' dir='ltr'><strong>eligendo</strong></span> 
     </span>
     <span class='ocr_line' id='line_1_15' title="bbox 345 2233 1373 2322; baseline 0 -19"><span class='ocrx_word' id='word_1_86' title='bbox 345 2236 524 2304; x_wconf 74' lang='lat' dir='ltr'><strong>Alexandro</strong></span> <span class='ocrx_word' id='word_1_87' title='bbox 554 2233 773 2316; x_wconf 90' lang='lat' dir='ltr'><strong>declinatum;</strong></span> <span class='ocrx_word' id='word_1_88' title='bbox 806 2233 878 2322; x_wconf 89' lang='lat' dir='ltr'><strong>jure</strong></span> <span class='ocrx_word' id='word_1_89' title='bbox 908 2243 1016 2302; x_wconf 90' lang='lat' dir='ltr'><strong>autem</strong></span> <span class='ocrx_word' id='word_1_90' title='bbox 1045 2234 1166 2302; x_wconf 85' lang='lat' dir='ltr'><strong>sactum</strong></span> <span class='ocrx_word' id='word_1_91' title='bbox 1196 2235 1373 2304; x_wconf 83' lang='lat' dir='ltr'><strong>contendit.</strong></span> 
     </span>
     <span class='ocr_line' id='line_1_16' title="bbox 290 2347 1377 2439; baseline 0.001 -21"><span class='ocrx_word' id='word_1_92' title='bbox 290 2427 294 2434; x_wconf 53' lang='grc'>,</span> <span class='ocrx_word' id='word_1_93' title='bbox 347 2351 413 2419; x_wconf 82' lang='lat' dir='ltr'><strong>Rex</strong></span> <span class='ocrx_word' id='word_1_94' title='bbox 450 2350 549 2433; x_wconf 91' lang='lat' dir='ltr'><strong>enim,</strong></span> <span class='ocrx_word' id='word_1_95' title='bbox 572 2357 699 2438; x_wconf 86' lang='lat' dir='ltr'><strong>&#39;utpote</strong></span> <span class='ocrx_word' id='word_1_96' title='bbox 738 2348 905 2436; x_wconf 90' lang='lat' dir='ltr'><strong>parvulus,</strong></span> <span class='ocrx_word' id='word_1_97' title='bbox 938 2347 986 2415; x_wconf 89' lang='lat' dir='ltr'><strong>rei</strong></span> <span class='ocrx_word' id='word_1_98' title='bbox 1014 2359 1063 2416; x_wconf 89' lang='lat' dir='ltr'><strong>est</strong></span> <span class='ocrx_word' id='word_1_99' title='bbox 1093 2349 1272 2432; x_wconf 86' lang='lat' dir='ltr'><strong>inhabilis;</strong></span> <span class='ocrx_word' id='word_1_100' title='bbox 1305 2350 1377 2439; x_wconf 89' lang='lat' dir='ltr'><strong>ejus</strong></span> 
     </span>
     <span class='ocr_line' id='line_1_17' title="bbox 347 2463 1376 2555; baseline 0 -21"><span class='ocrx_word' id='word_1_101' title='bbox 347 2487 424 2555; x_wconf 83' lang='lat' dir='ltr'><strong>ergo</strong></span> <span class='ocrx_word' id='word_1_102' title='bbox 443 2465 540 2549; x_wconf 86' lang='lat' dir='ltr'><strong>vices,</strong></span> <span class='ocrx_word' id='word_1_103' title='bbox 571 2465 717 2532; x_wconf 86' lang='lat' dir='ltr'><strong>Romana</strong></span> <span class='ocrx_word' id='word_1_104' title='bbox 747 2463 902 2547; x_wconf 81' lang='lat' dir='ltr'><strong>Ecclesia,</strong></span> <span class='ocrx_word' id='word_1_105' title='bbox 937 2472 1091 2552; x_wconf 88' lang='lat' dir='ltr'><strong>tanquam</strong></span> <span class='ocrx_word' id='word_1_106' title='bbox 1124 2473 1229 2532; x_wconf 90' lang='lat' dir='ltr'><strong>mater</strong></span> <span class='ocrx_word' id='word_1_107' title='bbox 1261 2475 1293 2532; x_wconf 92' lang='lat' dir='ltr'><strong>et</strong></span> <span class='ocrx_word' id='word_1_108' title='bbox 1322 2486 1376 2554; x_wconf 90' lang='lat' dir='ltr'><strong>pa-</strong></span> 
     </span>
     <span class='ocr_line' id='line_1_18' title="bbox 271 2578 1378 2676; baseline 0 -27"><span class='ocrx_word' id='word_1_109' title='bbox 271 2669 274 2676; x_wconf 24' lang='lat'><em>,</em></span> <span class='ocrx_word' id='word_1_110' title='bbox 346 2592 454 2661; x_wconf 78' lang='lat' dir='ltr'><strong>trono,</strong></span> <span class='ocrx_word' id='word_1_111' title='bbox 493 2581 658 2669; x_wconf 84' lang='lat' dir='ltr'><strong>suscipere</strong></span> <span class='ocrx_word' id='word_1_112' title='bbox 694 2579 812 2669; x_wconf 91' lang='lat' dir='ltr'><strong>potnit.</strong></span> <span class='ocrx_word' id='word_1_113' title='bbox 853 2578 921 2646; x_wconf 92' lang='lat' dir='ltr'><strong>lmo</strong></span> <span class='ocrx_word' id='word_1_114' title='bbox 958 2579 1070 2646; x_wconf 87' lang='lat' dir='ltr'><strong>debuit</strong></span> <span class='ocrx_word' id='word_1_115' title='bbox 1080 2601 1089 2663; x_wconf 91' lang='lat'>;</span> <span class='ocrx_word' id='word_1_116' title='bbox 1126 2599 1202 2648; x_wconf 89' lang='lat' dir='ltr'><strong>nam</strong></span> <span class='ocrx_word' id='word_1_117' title='bbox 1235 2579 1378 2649; x_wconf 88' lang='lat' dir='ltr'><strong>instante</strong></span> 
     </span>
     <span class='ocr_line' id='line_1_19' title="bbox 253 2693 1375 2786; baseline -0.004 -18"><span class='ocrx_word' id='word_1_118' title='bbox 253 2773 257 2782; x_wconf 67' lang='grc'>,</span> <span class='ocrx_word' id='word_1_119' title='bbox 349 2699 450 2768; x_wconf 87' lang='lat' dir='ltr'><strong>civilis</strong></span> <span class='ocrx_word' id='word_1_120' title='bbox 469 2696 544 2764; x_wconf 88' lang='lat' dir='ltr'><strong>belli</strong></span> <span class='ocrx_word' id='word_1_121' title='bbox 565 2696 721 2786; x_wconf 90' lang='lat' dir='ltr'><strong>periculo,</strong></span> <span class='ocrx_word' id='word_1_122' title='bbox 741 2693 936 2784; x_wconf 88' lang='lat' dir='ltr'><strong>quantocius</strong></span> <span class='ocrx_word' id='word_1_123' title='bbox 955 2693 1124 2782; x_wconf 85' lang='lat' dir='ltr'><strong>eligendus</strong></span> <span class='ocrx_word' id='word_1_124' title='bbox 1138 2707 1207 2762; x_wconf 89' lang='lat' dir='ltr'><strong>erat</strong></span> <span class='ocrx_word' id='word_1_125' title='bbox 1219 2696 1375 2784; x_wconf 83' lang='lat' dir='ltr'><strong>pontifex,</strong></span> 
     </span>
     <span class='ocr_line' id='line_1_20' title="bbox 344 2809 1376 2903; baseline -0.001 -20"><span class='ocrx_word' id='word_1_126' title='bbox 344 2835 451 2903; x_wconf 91' lang='lat' dir='ltr'><strong>neque</strong></span> <span class='ocrx_word' id='word_1_127' title='bbox 481 2813 676 2880; x_wconf 91' lang='lat' dir='ltr'><strong>morandum</strong></span> <span class='ocrx_word' id='word_1_128' title='bbox 702 2812 805 2878; x_wconf 91' lang='lat' dir='ltr'><strong>donec</strong></span> <span class='ocrx_word' id='word_1_129' title='bbox 831 2831 848 2878; x_wconf 92' lang='lat' dir='ltr'><strong>e</strong></span> <span class='ocrx_word' id='word_1_130' title='bbox 879 2809 1051 2879; x_wconf 84' lang='lat' dir='ltr'><strong>Germania</strong></span> <span class='ocrx_word' id='word_1_131' title='bbox 1080 2810 1199 2898; x_wconf 85' lang='lat' dir='ltr'><strong>regalis</strong></span> <span class='ocrx_word' id='word_1_132' title='bbox 1230 2813 1376 2882; x_wconf 88' lang='lat' dir='ltr'><strong>assensio</strong></span> 
     </span>
    </p>
   </div>
   <div class='ocr_carea' id='block_1_3' title="bbox 230 2927 481 2998">
    <p class='ocr_par' dir='ltr' id='par_1_6' title="bbox 230 2927 481 2998">
     <span class='ocr_line' id='line_1_21' title="bbox 230 2927 481 2998; baseline -0.004 -3"><span class='ocrx_word' id='word_1_133' title='bbox 230 2949 233 2954; x_wconf 91' lang='lat'>·</span> <span class='ocrx_word' id='word_1_134' title='bbox 347 2927 481 2998; x_wconf 88' lang='lat' dir='ltr'><strong>veniret.</strong></span> 
     </span>
    </p>
   </div>
   <div class='ocr_carea' id='block_1_4' title="bbox 254 3041 1378 4168">
    <p class='ocr_par' dir='ltr' id='par_1_7' title="bbox 390 3041 1054 3131">
     <span class='ocr_line' id='line_1_22' title="bbox 390 3041 1054 3131; baseline -0.006 -20"><span class='ocrx_word' id='word_1_135' title='bbox 390 3043 511 3131; x_wconf 83' lang='lat' dir='ltr'><strong>Regius</strong></span> <span class='ocrx_word' id='word_1_136' title='bbox 531 3050 638 3110; x_wconf 88' lang='lat' dir='ltr'><strong>autem</strong></span> <span class='ocrx_word' id='word_1_137' title='bbox 662 3041 836 3130; x_wconf 89' lang='lat' dir='ltr'><strong>respondet</strong></span> <span class='ocrx_word' id='word_1_138' title='bbox 855 3041 1054 3110; x_wconf 83' lang='lat' dir='ltr'><strong>advocatus:</strong></span> 
     </span>
    </p>

    <p class='ocr_par' dir='ltr' id='par_1_8' title="bbox 392 3153 1373 3244">
     <span class='ocr_line' id='line_1_23' title="bbox 392 3153 1373 3244; baseline -0.001 -18"><span class='ocrx_word' id='word_1_139' title='bbox 392 3159 429 3226; x_wconf 74' lang='grc' dir='ltr'><strong>1ο</strong></span> <span class='ocrx_word' id='word_1_140' title='bbox 449 3157 591 3226; x_wconf 83' lang='lat' dir='ltr'><strong>Enistere</strong></span> <span class='ocrx_word' id='word_1_141' title='bbox 605 3155 727 3224; x_wconf 90' lang='lat' dir='ltr'><strong>Nicolai</strong></span> <span class='ocrx_word' id='word_1_142' title='bbox 747 3157 925 3239; x_wconf 88' lang='lat' dir='ltr'><strong>decretum,</strong></span> <span class='ocrx_word' id='word_1_143' title='bbox 947 3155 1034 3244; x_wconf 88' lang='lat' dir='ltr'><strong>quod</strong></span> <span class='ocrx_word' id='word_1_144' title='bbox 1059 3153 1236 3244; x_wconf 84' lang='lat' dir='ltr'><strong>intringere</strong></span> <span class='ocrx_word' id='word_1_145' title='bbox 1256 3157 1347 3225; x_wconf 85' lang='lat' dir='ltr'><strong>nefas</strong></span> <span class='ocrx_word' id='word_1_146' title='bbox 1364 3179 1373 3239; x_wconf 93' lang='lat'>;</span> 
     </span>
    </p>

    <p class='ocr_par' dir='ltr' id='par_1_9' title="bbox 390 3270 1226 3358">
     <span class='ocr_line' id='line_1_24' title="bbox 390 3270 1226 3358; baseline -0.005 -16"><span class='ocrx_word' id='word_1_147' title='bbox 390 3275 427 3342; x_wconf 68' lang='lat'><strong>⁶2⁰</strong></span> <span class='ocrx_word' id='word_1_148' title='bbox 447 3275 519 3343; x_wconf 90' lang='lat' dir='ltr'><strong>Non</strong></span> <span class='ocrx_word' id='word_1_149' title='bbox 539 3283 663 3342; x_wconf 87' lang='lat' dir='ltr'><strong>tantum</strong></span> <span class='ocrx_word' id='word_1_150' title='bbox 684 3271 784 3340; x_wconf 87' lang='lat' dir='ltr'><strong>fuisse</strong></span> <span class='ocrx_word' id='word_1_151' title='bbox 803 3270 904 3339; x_wconf 91' lang='lat' dir='ltr'><strong>civilis</strong></span> <span class='ocrx_word' id='word_1_152' title='bbox 923 3270 999 3337; x_wconf 91' lang='lat' dir='ltr'><strong>belli</strong></span> <span class='ocrx_word' id='word_1_153' title='bbox 1018 3271 1226 3358; x_wconf 90' lang='lat' dir='ltr'><strong>periculum;</strong></span> 
     </span>
    </p>

    <p class='ocr_par' dir='ltr' id='par_1_10' title="bbox 346 3386 1376 3709">
     <span class='ocr_line' id='line_1_25' title="bbox 391 3386 1375 3477; baseline -0.003 -18"><span class='ocrx_word' id='word_1_154' title='bbox 391 3390 427 3458; x_wconf 85' lang='lat'><strong>3⁰</strong></span> <span class='ocrx_word' id='word_1_155' title='bbox 440 3390 506 3458; x_wconf 84' lang='lat' dir='ltr'><strong>Nec</strong></span> <span class='ocrx_word' id='word_1_156' title='bbox 517 3400 638 3458; x_wconf 88' lang='lat' dir='ltr'><strong>tantam</strong></span> <span class='ocrx_word' id='word_1_157' title='bbox 649 3388 682 3455; x_wconf 95' lang='lat' dir='ltr'><strong>in</strong></span> <span class='ocrx_word' id='word_1_158' title='bbox 695 3387 851 3455; x_wconf 89' lang='lat' dir='ltr'><strong>electione</strong></span> <span class='ocrx_word' id='word_1_159' title='bbox 863 3386 1059 3454; x_wconf 85' lang='lat' dir='ltr'><strong>celeritatem</strong></span> <span class='ocrx_word' id='word_1_160' title='bbox 1073 3386 1262 3470; x_wconf 88' lang='lat' dir='ltr'><strong>adhibitam,</strong></span> <span class='ocrx_word' id='word_1_161' title='bbox 1273 3409 1375 3477; x_wconf 92' lang='lat' dir='ltr'><strong>quum</strong></span> 
     </span>
     <span class='ocr_line' id='line_1_26' title="bbox 346 3499 1376 3572; baseline -0.003 -1"><span class='ocrx_word' id='word_1_162' title='bbox 346 3515 411 3572; x_wconf 90' lang='lat' dir='ltr'><strong>tres</strong></span> <span class='ocrx_word' id='word_1_163' title='bbox 425 3502 548 3572; x_wconf 86' lang='lat' dir='ltr'><strong>Nic-olai</strong></span> <span class='ocrx_word' id='word_1_164' title='bbox 563 3512 701 3568; x_wconf 92' lang='lat' dir='ltr'><strong>mortem</strong></span> <span class='ocrx_word' id='word_1_165' title='bbox 715 3501 801 3567; x_wconf 90' lang='lat' dir='ltr'><strong>inter</strong></span> <span class='ocrx_word' id='word_1_166' title='bbox 815 3507 847 3566; x_wconf 90' lang='lat' dir='ltr'><strong>et</strong></span> <span class='ocrx_word' id='word_1_167' title='bbox 859 3499 1027 3566; x_wconf 77' lang='lat' dir='ltr'><strong>Alexandri</strong></span> <span class='ocrx_word' id='word_1_168' title='bbox 1041 3499 1231 3567; x_wconf 89' lang='lat' dir='ltr'><strong>electionem</strong></span> <span class='ocrx_word' id='word_1_169' title='bbox 1247 3520 1376 3568; x_wconf 89' lang='lat' dir='ltr'><strong>menses</strong></span> 
     </span>
     <span class='ocr_line' id='line_1_27' title="bbox 350 3619 548 3709; baseline -0.015 -20"><span class='ocrx_word' id='word_1_170' title='bbox 350 3620 451 3709; x_wconf 90' lang='lat' dir='ltr'><strong>elapsi</strong></span> <span class='ocrx_word' id='word_1_171' title='bbox 472 3619 548 3687; x_wconf 90' lang='lat' dir='ltr'><strong>sint.</strong></span> 
     </span>
    </p>

    <p class='ocr_par' dir='ltr' id='par_1_11' title="bbox 254 3729 1378 4168">
     <span class='ocr_line' id='line_1_28' title="bbox 391 3729 1377 3824; baseline -0.004 -21"><span class='ocrx_word' id='word_1_172' title='bbox 391 3737 427 3804; x_wconf 96' lang='lat' dir='ltr'><strong>ln</strong></span> <span class='ocrx_word' id='word_1_173' title='bbox 446 3733 611 3824; x_wconf 82' lang='lat' dir='ltr'><strong>angustias</strong></span> <span class='ocrx_word' id='word_1_174' title='bbox 629 3733 674 3800; x_wconf 88' lang='lat' dir='ltr'><strong>ita</strong></span> <span class='ocrx_word' id='word_1_175' title='bbox 693 3731 881 3820; x_wconf 92' lang='lat' dir='ltr'><strong>compulsus</strong></span> <span class='ocrx_word' id='word_1_176' title='bbox 901 3729 1051 3798; x_wconf 82' lang='lat' dir='ltr'><strong>Ecclesiae</strong></span> <span class='ocrx_word' id='word_1_177' title='bbox 1070 3731 1234 3815; x_wconf 88' lang='lat' dir='ltr'><strong>defensor,</strong></span> <span class='ocrx_word' id='word_1_178' title='bbox 1252 3731 1377 3800; x_wconf 91' lang='lat' dir='ltr'><strong>crimen</strong></span> 
     </span>
     <span class='ocr_line' id='line_1_29' title="bbox 347 3845 1378 3936; baseline -0.004 -17"><span class='ocrx_word' id='word_1_179' title='bbox 347 3851 382 3919; x_wconf 93' lang='lat' dir='ltr'><strong>in</strong></span> <span class='ocrx_word' id='word_1_180' title='bbox 401 3849 603 3919; x_wconf 87' lang='lat' dir='ltr'><strong>adversarios</strong></span> <span class='ocrx_word' id='word_1_181' title='bbox 623 3857 790 3936; x_wconf 91' lang='lat' dir='ltr'><strong>retorquet</strong></span> <span class='ocrx_word' id='word_1_182' title='bbox 807 3867 814 3912; x_wconf 94' lang='lat'>:</span> <span class='ocrx_word' id='word_1_183' title='bbox 837 3845 924 3934; x_wconf 92' lang='lat' dir='ltr'><strong>ipsos</strong></span> <span class='ocrx_word' id='word_1_184' title='bbox 938 3845 1025 3912; x_wconf 93' lang='lat' dir='ltr'><strong>enim</strong></span> <span class='ocrx_word' id='word_1_185' title='bbox 1041 3845 1223 3914; x_wconf 92' lang='lat' dir='ltr'><strong>incredibili</strong></span> <span class='ocrx_word' id='word_1_186' title='bbox 1237 3849 1378 3936; x_wconf 89' lang='lat' dir='ltr'><strong>quadam</strong></span> 
     </span>
     <span class='ocr_line' id='line_1_30' title="bbox 254 3960 1378 4050; baseline -0.005 -14"><span class='ocrx_word' id='word_1_187' title='bbox 254 3987 255 3992; x_wconf 72' lang='grc'>’</span> <span class='ocrx_word' id='word_1_188' title='bbox 344 3967 480 4036; x_wconf 88' lang='lat' dir='ltr'><strong>audacia</strong></span> <span class='ocrx_word' id='word_1_189' title='bbox 500 3963 623 4034; x_wconf 89' lang='lat' dir='ltr'><strong>Nicolai</strong></span> <span class='ocrx_word' id='word_1_190' title='bbox 643 3962 808 4030; x_wconf 88' lang='lat' dir='ltr'><strong>violavisse</strong></span> <span class='ocrx_word' id='word_1_191' title='bbox 835 3962 1021 4043; x_wconf 89' lang='lat' dir='ltr'><strong>decretum;</strong></span> <span class='ocrx_word' id='word_1_192' title='bbox 1056 3960 1144 4050; x_wconf 89' lang='lat' dir='ltr'><strong>ipsos</strong></span> <span class='ocrx_word' id='word_1_193' title='bbox 1175 3964 1194 4029; x_wconf 80' lang='lat' dir='ltr'><strong>a</strong></span> <span class='ocrx_word' id='word_1_194' title='bbox 1222 3962 1378 4031; x_wconf 89' lang='lat' dir='ltr'><strong>Romanis</strong></span> 
     </span>
     <span class='ocr_line' id='line_1_31' title="bbox 347 4074 1378 4168; baseline -0.006 -18"><span class='ocrx_word' id='word_1_195' title='bbox 347 4103 422 4150; x_wconf 90' lang='lat' dir='ltr'><strong>cnm</strong></span> <span class='ocrx_word' id='word_1_196' title='bbox 441 4079 556 4149; x_wconf 90' lang='lat' dir='ltr'><strong>litteris</strong></span> <span class='ocrx_word' id='word_1_197' title='bbox 575 4076 760 4168; x_wconf 91' lang='lat' dir='ltr'><strong>apostolicis</strong></span> <span class='ocrx_word' id='word_1_198' title='bbox 778 4075 914 4143; x_wconf 91' lang='lat' dir='ltr'><strong>missum</strong></span> <span class='ocrx_word' id='word_1_199' title='bbox 945 4074 1145 4163; x_wconf 89' lang='lat' dir='ltr'><strong>Stephanum</strong></span> <span class='ocrx_word' id='word_1_200' title='bbox 1178 4078 1378 4146; x_wconf 87' lang='lat' dir='ltr'><strong>cardinalem</strong></span> 
     </span>
    </p>
   </div>
   <div class='ocr_carea' id='block_1_5' title="bbox 347 4187 1376 4284">
    <p class='ocr_par' dir='ltr' id='par_1_12' title="bbox 347 4187 1376 4284">
     <span class='ocr_line' id='line_1_32' title="bbox 347 4187 1376 4284; baseline -0.006 -21"><span class='ocrx_word' id='word_1_201' title='bbox 347 4215 387 4263; x_wconf 89' lang='lat' dir='ltr'><strong>ne</strong></span> <span class='ocrx_word' id='word_1_202' title='bbox 406 4193 567 4284; x_wconf 89' lang='lat' dir='ltr'><strong>recepisse</strong></span> <span class='ocrx_word' id='word_1_203' title='bbox 587 4191 730 4281; x_wconf 89' lang='lat' dir='ltr'><strong>quidem.</strong></span> <span class='ocrx_word' id='word_1_204' title='bbox 753 4187 835 4256; x_wconf 83' lang='lat' dir='ltr'><strong>lum</strong></span> <span class='ocrx_word' id='word_1_205' title='bbox 855 4187 988 4277; x_wconf 87' lang='lat' dir='ltr'><strong>ponitur</strong></span> <span class='ocrx_word' id='word_1_206' title='bbox 1015 4188 1198 4259; x_wconf 90' lang='lat' dir='ltr'><strong>dirimenda</strong></span> <span class='ocrx_word' id='word_1_207' title='bbox 1229 4189 1376 4279; x_wconf 89' lang='lat' dir='ltr'><strong>quaetio:</strong></span> 
     </span>
    </p>
   </div>
   <div class='ocr_carea' id='block_1_6' title="bbox 0 0 1563 5050">
    <p class='ocr_par' dir='ltr' id='par_1_13' title="bbox 0 0 1563 5050">
     <span class='ocr_line' id='line_1_33' title="bbox 0 0 1563 5050; baseline 0 0"><span class='ocrx_word' id='word_1_208' title='bbox 0 0 1563 5050; x_wconf 95' lang='lat' dir='ltr'><strong> </strong></span> 
     </span>
    </p>
   </div>
  </div>
 </body>
</html>
