3116 5050
623 641 663 662 ὦ
683 607 729 680 83·
742 654 783 666 ..

188 741 386 828 coelestibus,
411 769 425 812 1
460 756 581 817 tantam
607 749 820 821 nihilominus
841 755 999 844 apopulo
1019 757 1154 846 gloriam
1173 761 1223 830 de‘

188 875 249 922 sua
276 857 522 926 conversatione
557 861 736 946 lucrantur,
767 873 804 932 ut
836 868 1075 954 supervenienti
1101 849 1226 940 omnes'

189 974 372 1051 assurgant,
394 965 553 1054 quidquid
577 969 720 1036 attulerit
738 970 823 1037 vclnt
847 971 1027 1060 prophetiae
1046 977 1225 1044 oraculum

189 1079 369 1146 credant.»
392 1079 444 1148 Sic
463 1081 519 1170 qui
539 1083 728 1152 saecularem
749 1097 880 1170 vestem,
903 1085 1074 1157 immutata
1094 1102 1215 1174 mente,

190 1195 352 1282 deposuit,
374 1197 563 1266 saecularem
583 1219 734 1287 pompam
754 1201 889 1270 callidus
921 1215 1123 1291 permutator
1148 1207 1218 1294 ple-

192 1309 265 1378 nius
296 1311 476 1400 noquisivit,
507 1313 610 1401 ipsius
640 1314 768 1383 Domini
794 1329 993 1406 praeceptum
1013 1319 1216 1408 despiciens:

192 1421 306 1507 Cooate
327 1447 367 1494 ue
386 1436 561 1515 proveatur
579 1431 795 1500 cordavestra
816 1434 852 1500 itt
870 1434 1004 1522 crapula
1023 1443 1052 1502 et
1070 1435 1219 1504 ebrietate

190 1547 219 1608 et
238 1541 326 1608 curio
343 1543 413 1631 ejus
432 1545 541 1612 seculi
562 1544 618 1634 (1).

237 1657 349 1747 Neque
368 1669 543 1728 causentur
563 1661 636 1729 ideo
656 1682 690 1729 se
710 1683 784 1730 oum
804 1663 1014 1732 saecularibus
1028 1665 1219 1734 conversari

190 1779 228 1836 ut
252 1791 307 1840 eos
345 1773 384 1840 ad
415 1773 549 1842 meliora
580 1785 742 1842 revocent.
781 1775 884 1844 Mores
907 1775 1100 1864 'corrigendi
1129 1779 1218 1846 nulla

191 1906 283 1974 spes:
308 1886 364 1954 ubi
385 1887 470 1955 enim
491 1889 547 1977 qui
567 1883 760 1982 corrigant?
786 1891 932 1980 Utrqui
957 1891 1077 1980 corripi
1106 1893 1216 1976 velint,

190 2021 293 2088 quum
319 2003 417 2070 verba
442 2005 514 2072 vitae
544 2005 669 2072 fabulas
700 2005 810 2074 miseri
841 2005 1021 2095 reputent‘l
1040 2005 1146 2086 Quare
1176 2029 1216 2076 ne

190 2136 306 2204 regum
338 2119 430 2186 aulas
460 2119 622 2201 monachi,
657 2110 699 2188 ne
727 2123 863 2214 synodos
900 2121 987 2210 ipsas
1024 2123 1151 2205 adeant,
1183 2123 1216 2190 in

191 2229 323 2317 quibus,
346 2252 421 2328 vera
440 2233 588 2316 dicendo,
610 2234 837 2321 episcoporum
859 2235 892 2300 in
913 2256 947 2302 se
967 2235 1120 2302 invidiam
1141 2256 1216 2323 pro·

188 2357 313 2414 vocent.
350 2371 363 2412 1
399 2348 535 2430 Credite,
576 2349 693 2436 inquit,
733 2359 873 2438 experto.
918 2349 1024 2428 Quum
1057 2362 1218 2419 scrutator
1256 2393 1260 2399 -

188 2462 360 2546 fluctuum,
383 2463 492 2532 labore
512 2465 697 2546 frustratus,
713 2486 818 2532 -vacua
838 2467 940 2532 lassus
967 2465 1031 2531 lina
1057 2477 1214 2552 reportat,

188 2576 280 2645 facile
297 2577 365 2665 jam
381 2580 552 2645 nudatosa
571 2579 807 2666 perlustrandis
827 2579 932 2666 inopis
952 2599 1045 2666 aquae
1064 2579 1216 2647 fluctibns

187 2705 325 2761 revocat.
354 2693 405 2762 Sic
437 2695 591 2762 nimirum
623 2715 759 2762 menon
789 2695 869 2762 milri
896 2695 967 2776 soli,
1007 2697 1062 2762 sed
1092 2695 1242 2762 eunctis·

186 2810 343 2878 fratribus
375 2809 468 2891 meis,
500 2811 576 2877 talia
597 2821 737 2878 tentasse
757 2809 916 2892 sufficiat3
950 2821 981 2877 et
1013 2811 1090 2878 dum
1117 2810 1214 2878 unius

187 2921 279 2988 labor
307 2921 432 2988 inutilis
456 2922 555 2988 luisse
582 2921 807 3010 perpenditur,
830 2941 894 2989 non
927 2922 983 2988 uni
1014 2924 1069 3022 sed
1102 2923 1212 2988 multis

160 3067 162 3072 ’
188 3039 206 3106 a
226 3037 420 3126 supervacui
440 3038 560 3106 laboris
579 3037 744 3128 impendio
764 3039 890 3105 cautela
909 3039 1093 3125 praebeatur
1111 3037 1170 3124 (l).
1196 3063 1212 3101 1

231 3261 322 3342 Quod
355 3262 383 3330 si
411 3261 499 3328 domi
530 3283 617 3329 nunc
649 3261 825 3328 monachos
845 3260 1020 3328 Damianus
1051 3259 1212 3348 inspiciat,

188 3380 289 3446 multa
305 3379 446 3466 reperiat
464 3378 669 3465 correptione
689 3378 797 3463 digna.
815 3377 880 3444 Hos
900 3378 984 3443 enim
1005 3379 1044 3442 de
1065 3377 1212 3441 vinorum

122 3565 126 3571 ,
187 3497 307 3574 colore,
343 3515 470 3582 sapore,
500 3493 624 3580 origine
660 3494 872 3579 deprehendit
913 3493 1073 3558 subtiliter
1107 3493 1215 3576 dispu-

187 3610 716 3699 111111(3)·,Ι1111111111111111
738 3629 803 3695 qno
826 3608 948 3672 ltomini
971 3609 1080 3672 lamlrs
1102 3606 1213 3691 niujori

180 3729 291 3816 vigore
312 3727 501 3807 decantent;
519 3725 572 3790 alii
594 3735 718 3791 tentant
737 3725 808 3789 oleo
830 3722 955 3789 mollire
973 3718 1100 3794 rorem:
1126 3747 1140 3780 o
1157 3724 1212 3786 sed

182 3840 209 3908 si
232 3861 298 3907 non
320 3851 385 3906 tam
404 3841 564 3906 humanas
584 3858 682 3925 quam
703 3838 826 3904 divinas
847 3856 942 3902 aures
964 3836 1106 3901 mulcere
1127 3833 1216 3921 cupi-

214 4079 246 4142 (1)
262 4079 324 4140 Luc,
338 4077 449 4142 xxt,'3l.

213 4158 251 4222 (2)
265 4158 359 4223 Opusc.
375 4171 423 4221 xu,
436 4172 491 4221 cap.
504 4157 545 4208 31.
561 4155 600 4207 cf.
613 4170 669 4220 cap.
682 4155 724 4204 29.
827 4166 831 4174 ·

213 4238 251 4302 (3)
267 4238 363 4304 Opusc.
378 4248 423 4304 xn,
435 4251 491 4302 cap.
504 4236 530 4287 2.
