<?xml version="1.0" encoding="UTF-8"?>
<!DOCTYPE html PUBLIC "-//W3C//DTD XHTML 1.0 Transitional//EN"
    "http://www.w3.org/TR/xhtml1/DTD/xhtml1-transitional.dtd">
<html xmlns="http://www.w3.org/1999/xhtml" xml:lang="en" lang="en">
 <head>
  <title>
</title>
<meta http-equiv="Content-Type" content="text/html;charset=utf-8" />
  <meta name='ocr-system' content='tesseract 3.04.00' />
  <meta name='ocr-capabilities' content='ocr_page ocr_carea ocr_par ocr_line ocrx_word'/>
</head>
<body>
  <div class='ocr_page' id='page_1' title='image "./depetrodamianoo00guergoog_0065.png"; bbox 0 0 3116 5050; ppageno 0'>
   <div class='ocr_carea' id='block_1_1' title="bbox 767 581 928 658">
    <p class='ocr_par' dir='ltr' id='par_1_1' title="bbox 767 581 928 658">
     <span class='ocr_line' id='line_1_1' title="bbox 767 581 928 658; baseline -0.012 -17"><span class='ocrx_word' id='word_1_1' title='bbox 767 581 928 658; x_wconf 57' lang='lat' dir='ltr'>..sp-</span> 
     </span>
    </p>
   </div>
   <div class='ocr_carea' id='block_1_2' title="bbox 335 721 1467 2892">
    <p class='ocr_par' dir='ltr' id='par_1_2' title="bbox 335 721 1378 1852">
     <span class='ocr_line' id='line_1_2' title="bbox 335 721 1363 816; baseline 0.004 -25"><span class='ocrx_word' id='word_1_2' title='bbox 335 721 539 796; x_wconf 81' lang='lat' dir='ltr'>rectitudinis</span> <span class='ocrx_word' id='word_1_3' title='bbox 558 733 678 796; x_wconf 89' lang='lat' dir='ltr'>statum</span> <span class='ocrx_word' id='word_1_4' title='bbox 696 745 761 794; x_wconf 94' lang='lat' dir='ltr'>non</span> <span class='ocrx_word' id='word_1_5' title='bbox 781 735 907 796; x_wconf 87' lang='lat' dir='ltr'>tantum</span> <span class='ocrx_word' id='word_1_6' title='bbox 926 725 1031 816; x_wconf 82' lang='lat' dir='ltr'>ipsam</span> <span class='ocrx_word' id='word_1_7' title='bbox 1050 723 1234 810; x_wconf 84' lang='lat' dir='ltr'>ecelesiam,</span> <span class='ocrx_word' id='word_1_8' title='bbox 1254 727 1308 798; x_wconf 88' lang='lat' dir='ltr'>sed</span> <span class='ocrx_word' id='word_1_9' title='bbox 1329 735 1363 796; x_wconf 88' lang='lat' dir='ltr'>et</span> 
     </span>
     <span class='ocr_line' id='line_1_3' title="bbox 335 840 1361 934; baseline 0.004 -26"><span class='ocrx_word' id='word_1_10' title='bbox 335 847 437 908; x_wconf 85' lang='lat' dir='ltr'>totam</span> <span class='ocrx_word' id='word_1_11' title='bbox 461 840 734 911; x_wconf 85' lang='lat' dir='ltr'>Mediolanensem</span> <span class='ocrx_word' id='word_1_12' title='bbox 760 841 961 932; x_wconf 83' lang='lat' dir='ltr'>provinciam</span> <span class='ocrx_word' id='word_1_13' title='bbox 986 862 1046 933; x_wconf 88' lang='lat' dir='ltr'>per</span> <span class='ocrx_word' id='word_1_14' title='bbox 1075 841 1212 934; x_wconf 79' lang='lat' dir='ltr'>gratiam</span> <span class='ocrx_word' id='word_1_15' title='bbox 1231 841 1289 910; x_wconf 89' lang='lat' dir='ltr'>Dei</span> <span class='ocrx_word' id='word_1_16' title='bbox 1307 863 1361 912; x_wconf 90' lang='lat' dir='ltr'>re-</span> 
     </span>
     <span class='ocr_line' id='line_1_4' title="bbox 336 954 1358 1046; baseline 0.002 -24"><span class='ocrx_word' id='word_1_17' title='bbox 336 954 427 1023; x_wconf 84' lang='lat' dir='ltr'>duxit</span> <span class='ocrx_word' id='word_1_18' title='bbox 446 955 503 1044; x_wconf 88' lang='grc'>(1).</span> <span class='ocrx_word' id='word_1_19' title='bbox 529 979 543 1022; x_wconf 74' lang='lat' dir='ltr'>r</span> <span class='ocrx_word' id='word_1_20' title='bbox 564 955 641 1025; x_wconf 85' lang='lat' dir='ltr'>Haeo</span> <span class='ocrx_word' id='word_1_21' title='bbox 658 965 768 1024; x_wconf 88' lang='lat' dir='ltr'>autem</span> <span class='ocrx_word' id='word_1_22' title='bbox 787 955 951 1025; x_wconf 89' lang='lat' dir='ltr'>nonnullis</span> <span class='ocrx_word' id='word_1_23' title='bbox 981 955 1185 1046; x_wconf 86' lang='lat' dir='ltr'>displicuisse</span> <span class='ocrx_word' id='word_1_24' title='bbox 1210 965 1358 1026; x_wconf 89' lang='lat' dir='ltr'>oonstat:</span> 
     </span>
     <span class='ocr_line' id='line_1_5' title="bbox 338 1069 1359 1166; baseline 0.002 -30"><span class='ocrx_word' id='word_1_25' title='bbox 338 1092 353 1136; x_wconf 77' lang='lat' dir='ltr'>e</span> <span class='ocrx_word' id='word_1_26' title='bbox 376 1069 401 1138; x_wconf 90' lang='lat'>0</span> <span class='ocrx_word' id='word_1_27' title='bbox 425 1069 581 1140; x_wconf 89' lang='lat' dir='ltr'>insensati</span> <span class='ocrx_word' id='word_1_28' title='bbox 613 1071 878 1166; x_wconf 62' lang='lat' dir='ltr'>Mediolanenses,</span> <span class='ocrx_word' id='word_1_29' title='bbox 907 1071 1063 1141; x_wconf 81' lang='lat' dir='ltr'>exclamat</span> <span class='ocrx_word' id='word_1_30' title='bbox 1091 1071 1280 1160; x_wconf 84' lang='lat' dir='ltr'>Arnulphus</span> <span class='ocrx_word' id='word_1_31' title='bbox 1297 1071 1359 1161; x_wconf 70' lang='lat' dir='ltr'>ll),</span> 
     </span>
     <span class='ocr_line' id='line_1_6' title="bbox 336 1183 1363 1274; baseline 0.001 -21"><span class='ocrx_word' id='word_1_32' title='bbox 336 1183 410 1274; x_wconf 90' lang='lat' dir='ltr'>quis</span> <span class='ocrx_word' id='word_1_33' title='bbox 433 1205 488 1254; x_wconf 92' lang='lat' dir='ltr'>vos</span> <span class='ocrx_word' id='word_1_34' title='bbox 507 1184 698 1255; x_wconf 74' lang='lat' dir='ltr'>fascinavit?</span> <span class='ocrx_word' id='word_1_35' title='bbox 718 1184 796 1254; x_wconf 83' lang='lat' dir='ltr'>llari</span> <span class='ocrx_word' id='word_1_36' title='bbox 822 1183 985 1255; x_wconf 80' lang='lat' dir='ltr'>clamastis</span> <span class='ocrx_word' id='word_1_37' title='bbox 1008 1185 1108 1257; x_wconf 89' lang='lat' dir='ltr'>unius</span> <span class='ocrx_word' id='word_1_38' title='bbox 1128 1185 1220 1254; x_wconf 84' lang='lat' dir='ltr'>Sellae</span> <span class='ocrx_word' id='word_1_39' title='bbox 1239 1185 1363 1274; x_wconf 90' lang='lat' dir='ltr'>prima·</span> 
     </span>
     <span class='ocr_line' id='line_1_7' title="bbox 338 1299 1360 1389; baseline 0.001 -22"><span class='ocrx_word' id='word_1_40' title='bbox 338 1308 449 1368; x_wconf 91' lang='lat' dir='ltr'>tum...</span> <span class='ocrx_word' id='word_1_41' title='bbox 471 1299 567 1370; x_wconf 85' lang='lat' dir='ltr'>Forte</span> <span class='ocrx_word' id='word_1_42' title='bbox 586 1299 713 1370; x_wconf 89' lang='lat' dir='ltr'>dioitis:</span> <span class='ocrx_word' id='word_1_43' title='bbox 735 1300 993 1371; x_wconf 83' lang='lat' dir='ltr'>Veneranda-est</span> <span class='ocrx_word' id='word_1_44' title='bbox 1010 1299 1113 1368; x_wconf 87' lang='lat' dir='ltr'>Roma</span> <span class='ocrx_word' id='word_1_45' title='bbox 1137 1300 1172 1367; x_wconf 93' lang='lat' dir='ltr'>in</span> <span class='ocrx_word' id='word_1_46' title='bbox 1195 1301 1360 1389; x_wconf 80' lang='lat' dir='ltr'>Apostolo.</span> 
     </span>
     <span class='ocr_line' id='line_1_8' title="bbox 337 1413 1363 1506; baseline 0.001 -23"><span class='ocrx_word' id='word_1_47' title='bbox 337 1413 394 1484; x_wconf 82' lang='lat' dir='ltr'>Est</span> <span class='ocrx_word' id='word_1_48' title='bbox 411 1415 547 1505; x_wconf 89' lang='lat' dir='ltr'>utique;</span> <span class='ocrx_word' id='word_1_49' title='bbox 573 1417 630 1485; x_wconf 88' lang='lat' dir='ltr'>sed</span> <span class='ocrx_word' id='word_1_50' title='bbox 656 1436 717 1485; x_wconf 84' lang='lat' dir='ltr'>neo</span> <span class='ocrx_word' id='word_1_51' title='bbox 741 1416 961 1506; x_wconf 89' lang='lat' dir='ltr'>spernendum</span> <span class='ocrx_word' id='word_1_52' title='bbox 986 1415 1202 1485; x_wconf 86' lang='lat' dir='ltr'>Mediolanum</span> <span class='ocrx_word' id='word_1_53' title='bbox 1231 1415 1264 1484; x_wconf 92' lang='lat' dir='ltr'>in</span> <span class='ocrx_word' id='word_1_54' title='bbox 1291 1418 1363 1484; x_wconf 85' lang='lat' dir='ltr'>Am·</span> 
     </span>
     <span class='ocr_line' id='line_1_9' title="bbox 337 1529 1365 1621; baseline 0.003 -24"><span class='ocrx_word' id='word_1_55' title='bbox 337 1529 461 1600; x_wconf 89' lang='lat' dir='ltr'>hrosio.</span> <span class='ocrx_word' id='word_1_56' title='bbox 480 1529 572 1608; x_wconf 76' lang='lat' dir='ltr'>Certa</span> <span class='ocrx_word' id='word_1_57' title='bbox 591 1551 658 1601; x_wconf 91' lang='lat' dir='ltr'>non</span> <span class='ocrx_word' id='word_1_58' title='bbox 676 1531 798 1621; x_wconf 88' lang='lat' dir='ltr'>absque</span> <span class='ocrx_word' id='word_1_59' title='bbox 816 1551 853 1600; x_wconf 84' lang='lat' dir='ltr'>re</span> <span class='ocrx_word' id='word_1_60' title='bbox 872 1530 993 1620; x_wconf 80' lang='lat' dir='ltr'>scripta</span> <span class='ocrx_word' id='word_1_61' title='bbox 1011 1540 1088 1600; x_wconf 88' lang='lat' dir='ltr'>sunt</span> <span class='ocrx_word' id='word_1_62' title='bbox 1105 1531 1177 1600; x_wconf 86' lang='lat' dir='ltr'>haeo</span> <span class='ocrx_word' id='word_1_63' title='bbox 1199 1530 1235 1598; x_wconf 94' lang='lat' dir='ltr'>in</span> <span class='ocrx_word' id='word_1_64' title='bbox 1255 1551 1365 1600; x_wconf 91' lang='lat' dir='ltr'>roma·</span> 
     </span>
     <span class='ocr_line' id='line_1_10' title="bbox 339 1646 1378 1738; baseline 0 -24"><span class='ocrx_word' id='word_1_65' title='bbox 339 1646 390 1714; x_wconf 93' lang='lat' dir='ltr'>nis</span> <span class='ocrx_word' id='word_1_66' title='bbox 422 1647 604 1716; x_wconf 83' lang='lat' dir='ltr'>annalibus.</span> <span class='ocrx_word' id='word_1_67' title='bbox 637 1647 772 1730; x_wconf 85' lang='lat' dir='ltr'>Dicetur</span> <span class='ocrx_word' id='word_1_68' title='bbox 797 1647 885 1716; x_wconf 92' lang='lat' dir='ltr'>enim</span> <span class='ocrx_word' id='word_1_69' title='bbox 919 1647 1144 1738; x_wconf 87' lang='lat' dir='ltr'>inposterum</span> <span class='ocrx_word' id='word_1_70' title='bbox 1181 1646 1378 1736; x_wconf 86' lang='lat' dir='ltr'>subjeetum.</span> 
     </span>
     <span class='ocr_line' id='line_1_11' title="bbox 336 1762 806 1852; baseline 0 -22"><span class='ocrx_word' id='word_1_71' title='bbox 336 1762 448 1846; x_wconf 86' lang='lat' dir='ltr'>Romae</span> <span class='ocrx_word' id='word_1_72' title='bbox 465 1762 683 1832; x_wconf 86' lang='lat' dir='ltr'>Mediolanum</span> <span class='ocrx_word' id='word_1_73' title='bbox 704 1762 766 1852; x_wconf 84' lang='grc'>(3).</span> <span class='ocrx_word' id='word_1_74' title='bbox 792 1787 806 1830; x_wconf 78' lang='lat' dir='ltr'>r</span> 
     </span>
    </p>

    <p class='ocr_par' dir='ltr' id='par_1_3' title="bbox 336 1877 1467 2660">
     <span class='ocr_line' id='line_1_12' title="bbox 381 1877 1366 1968; baseline -0.001 -22"><span class='ocrx_word' id='word_1_75' title='bbox 381 1878 499 1947; x_wconf 90' lang='lat' dir='ltr'>Multos</span> <span class='ocrx_word' id='word_1_76' title='bbox 518 1878 592 1947; x_wconf 86' lang='lat' dir='ltr'>laeti</span> <span class='ocrx_word' id='word_1_77' title='bbox 616 1879 779 1968; x_wconf 85' lang='lat' dir='ltr'>poenituit,</span> <span class='ocrx_word' id='word_1_78' title='bbox 801 1898 861 1946; x_wconf 88' lang='lat' dir='ltr'>neo</span> <span class='ocrx_word' id='word_1_79' title='bbox 891 1877 935 1946; x_wconf 91' lang='lat' dir='ltr'>ita</span> <span class='ocrx_word' id='word_1_80' title='bbox 964 1879 1067 1948; x_wconf 90' lang='lat' dir='ltr'>multo</span> <span class='ocrx_word' id='word_1_81' title='bbox 1093 1889 1167 1968; x_wconf 91' lang='lat' dir='ltr'>post</span> <span class='ocrx_word' id='word_1_82' title='bbox 1192 1878 1231 1946; x_wconf 87' lang='lat' dir='ltr'>ad</span> <span class='ocrx_word' id='word_1_83' title='bbox 1261 1877 1366 1947; x_wconf 80' lang='lat' dir='ltr'>Arial-</span> 
     </span>
     <span class='ocr_line' id='line_1_13' title="bbox 337 1993 1362 2083; baseline -0.001 -21"><span class='ocrx_word' id='word_1_84' title='bbox 337 1995 428 2076; x_wconf 87' lang='lat' dir='ltr'>dum,</span> <span class='ocrx_word' id='word_1_85' title='bbox 472 1993 738 2062; x_wconf 88' lang='lat' dir='ltr'>Herlembaldum</span> <span class='ocrx_word' id='word_1_86' title='bbox 780 1993 926 2083; x_wconf 88' lang='lat' dir='ltr'>aliosque</span> <span class='ocrx_word' id='word_1_87' title='bbox 963 1994 1125 2062; x_wconf 84' lang='lat' dir='ltr'>scribebat</span> <span class='ocrx_word' id='word_1_88' title='bbox 1163 1993 1362 2062; x_wconf 88' lang='lat' dir='ltr'>Damianus:</span> 
     </span>
     <span class='ocr_line' id='line_1_14' title="bbox 339 2102 1366 2196; baseline -0.001 -23"><span class='ocrx_word' id='word_1_89' title='bbox 339 2105 609 2175; x_wconf 76' lang='lat' dir='ltr'>«Nicolaitarum</span> <span class='ocrx_word' id='word_1_90' title='bbox 639 2102 784 2189; x_wconf 81' lang='lat' dir='ltr'>haeresis,</span> <span class='ocrx_word' id='word_1_91' title='bbox 806 2127 879 2196; x_wconf 87' lang='lat' dir='ltr'>quae</span> <span class='ocrx_word' id='word_1_92' title='bbox 902 2107 992 2175; x_wconf 89' lang='lat' dir='ltr'>vobis</span> <span class='ocrx_word' id='word_1_93' title='bbox 1018 2107 1189 2176; x_wconf 86' lang='lat' dir='ltr'>nobiseum</span> <span class='ocrx_word' id='word_1_94' title='bbox 1218 2107 1366 2175; x_wconf 87' lang='lat' dir='ltr'>laboran-</span> 
     </span>
     <span class='ocr_line' id='line_1_15' title="bbox 336 2222 1366 2312; baseline 0.002 -23"><span class='ocrx_word' id='word_1_95' title='bbox 336 2222 423 2290; x_wconf 88' lang='lat' dir='ltr'>tibus</span> <span class='ocrx_word' id='word_1_96' title='bbox 442 2222 612 2292; x_wconf 85' lang='lat' dir='ltr'>videbatur</span> <span class='ocrx_word' id='word_1_97' title='bbox 631 2223 769 2290; x_wconf 82' lang='lat' dir='ltr'>extincta</span> <span class='ocrx_word' id='word_1_98' title='bbox 788 2222 974 2310; x_wconf 90' lang='lat' dir='ltr'>repullulat.</span> <span class='ocrx_word' id='word_1_99' title='bbox 990 2223 1070 2291; x_wconf 81' lang='lat' dir='ltr'>ane</span> <span class='ocrx_word' id='word_1_100' title='bbox 1083 2223 1140 2312; x_wconf 93' lang='lat' dir='ltr'>qui</span> <span class='ocrx_word' id='word_1_101' title='bbox 1158 2222 1251 2312; x_wconf 91' lang='lat' dir='ltr'>prius</span> <span class='ocrx_word' id='word_1_102' title='bbox 1270 2223 1366 2291; x_wconf 87' lang='lat' dir='ltr'>Nico-</span> 
     </span>
     <span class='ocr_line' id='line_1_16' title="bbox 338 2322 1364 2426; baseline 0.002 -22"><span class='ocrx_word' id='word_1_103' title='bbox 338 2322 490 2407; x_wconf 81' lang='lat' dir='ltr'>laitarum</span> <span class='ocrx_word' id='word_1_104' title='bbox 521 2348 552 2407; x_wconf 90' lang='lat' dir='ltr'>et</span> <span class='ocrx_word' id='word_1_105' title='bbox 581 2338 771 2407; x_wconf 86' lang='lat' dir='ltr'>Simoniaoae</span> <span class='ocrx_word' id='word_1_106' title='bbox 802 2339 963 2406; x_wconf 89' lang='lat' dir='ltr'>haereseos</span> <span class='ocrx_word' id='word_1_107' title='bbox 994 2337 1119 2426; x_wconf 87' lang='lat' dir='ltr'>laqueis</span> <span class='ocrx_word' id='word_1_108' title='bbox 1155 2329 1364 2421; x_wconf 88' lang='lat' dir='ltr'>tenebantur,</span> 
     </span>
     <span class='ocr_line' id='line_1_17' title="bbox 338 2441 1467 2544; baseline 0.004 -22"><span class='ocrx_word' id='word_1_109' title='bbox 338 2463 427 2522; x_wconf 83' lang='lat' dir='ltr'>nuno</span> <span class='ocrx_word' id='word_1_110' title='bbox 443 2455 493 2522; x_wconf 89' lang='lat' dir='ltr'>-ad</span> <span class='ocrx_word' id='word_1_111' title='bbox 517 2441 709 2544; x_wconf 78' lang='lat' dir='ltr'>perditionis</span> <span class='ocrx_word' id='word_1_112' title='bbox 729 2475 798 2523; x_wconf 88' lang='lat' dir='ltr'>suae</span> <span class='ocrx_word' id='word_1_113' title='bbox 823 2454 991 2522; x_wconf 84' lang='lat' dir='ltr'>cumulum</span> <span class='ocrx_word' id='word_1_114' title='bbox 1023 2464 1099 2522; x_wconf 89' lang='lat' dir='ltr'>sunt</span> <span class='ocrx_word' id='word_1_115' title='bbox 1123 2453 1220 2522; x_wconf 88' lang='lat' dir='ltr'>etiam</span> <span class='ocrx_word' id='word_1_116' title='bbox 1249 2453 1367 2522; x_wconf 86' lang='lat' dir='ltr'>violato</span> <span class='ocrx_word' id='word_1_117' title='bbox 1464 2523 1467 2526; x_wconf 83' lang='grc'>,</span> 
     </span>
     <span class='ocr_line' id='line_1_18' title="bbox 341 2567 797 2660; baseline -0.007 -21"><span class='ocrx_word' id='word_1_118' title='bbox 341 2579 544 2639; x_wconf 84' lang='lat' dir='ltr'>sacramento</span> <span class='ocrx_word' id='word_1_119' title='bbox 558 2569 683 2660; x_wconf 87' lang='lat' dir='ltr'>perjuri</span> <span class='ocrx_word' id='word_1_120' title='bbox 703 2567 763 2658; x_wconf 82' lang='lat' dir='ltr'>(ll).</span> <span class='ocrx_word' id='word_1_121' title='bbox 783 2592 797 2636; x_wconf 87' lang='lat' dir='ltr'>r</span> 
     </span>
    </p>

    <p class='ocr_par' dir='ltr' id='par_1_4' title="bbox 341 2685 1368 2892">
     <span class='ocr_line' id='line_1_19' title="bbox 385 2685 1368 2777; baseline -0.001 -22"><span class='ocrx_word' id='word_1_122' title='bbox 385 2685 462 2756; x_wconf 83' lang='lat' dir='ltr'>Octo</span> <span class='ocrx_word' id='word_1_123' title='bbox 488 2687 618 2755; x_wconf 84' lang='lat' dir='ltr'>tandem</span> <span class='ocrx_word' id='word_1_124' title='bbox 656 2695 728 2774; x_wconf 89' lang='lat' dir='ltr'>post</span> <span class='ocrx_word' id='word_1_125' title='bbox 759 2705 861 2754; x_wconf 89' lang='lat' dir='ltr'>annos</span> <span class='ocrx_word' id='word_1_126' title='bbox 891 2687 1024 2773; x_wconf 77' lang='lat' dir='ltr'>(unxvn)</span> <span class='ocrx_word' id='word_1_127' title='bbox 1055 2685 1163 2754; x_wconf 91' lang='lat' dir='ltr'>omnia</span> <span class='ocrx_word' id='word_1_128' title='bbox 1189 2685 1368 2777; x_wconf 83' lang='lat' dir='ltr'>composita</span> 
     </span>
     <span class='ocr_line' id='line_1_20' title="bbox 341 2801 492 2892; baseline -0.007 -21"><span class='ocrx_word' id='word_1_129' title='bbox 341 2812 417 2872; x_wconf 92' lang='lat' dir='ltr'>sunt</span> <span class='ocrx_word' id='word_1_130' title='bbox 436 2801 492 2892; x_wconf 84' lang='lat'>(5).</span> 
     </span>
    </p>
   </div>
   <div class='ocr_carea' id='block_1_3' title="bbox 288 3004 1369 3552">
    <p class='ocr_par' dir='ltr' id='par_1_5' title="bbox 288 3004 1369 3552">
     <span class='ocr_line' id='line_1_21' title="bbox 373 3004 646 3069; baseline -0.004 -13"><span class='ocrx_word' id='word_1_131' title='bbox 373 3005 411 3069; x_wconf 92' lang='grc'>(1)</span> <span class='ocrx_word' id='word_1_132' title='bbox 430 3006 492 3056; x_wconf 75' lang='lat' dir='ltr'>Vita</span> <span class='ocrx_word' id='word_1_133' title='bbox 503 3005 592 3056; x_wconf 84' lang='lat' dir='ltr'>Nicol.</span> <span class='ocrx_word' id='word_1_134' title='bbox 605 3004 646 3055; x_wconf 91' lang='grc' dir='ltr'>ΙΙ.</span> 
     </span>
     <span class='ocr_line' id='line_1_22' title="bbox 373 3083 906 3152; baseline -0.004 -16"><span class='ocrx_word' id='word_1_135' title='bbox 373 3087 411 3152; x_wconf 70' lang='lat' dir='ltr'>(l)</span> <span class='ocrx_word' id='word_1_136' title='bbox 426 3085 574 3136; x_wconf 81' lang='lat' dir='ltr'>Mediolon.</span> <span class='ocrx_word' id='word_1_137' title='bbox 588 3083 703 3148; x_wconf 68' lang='lat' dir='ltr'>Hister„</span> <span class='ocrx_word' id='word_1_138' title='bbox 717 3084 762 3135; x_wconf 90' lang='lat' dir='ltr'>lib.</span> <span class='ocrx_word' id='word_1_139' title='bbox 774 3097 815 3148; x_wconf 86' lang='lat'>111,</span> <span class='ocrx_word' id='word_1_140' title='bbox 830 3099 853 3135; x_wconf 89' lang='lat' dir='ltr'>c.</span> <span class='ocrx_word' id='word_1_141' title='bbox 866 3083 906 3135; x_wconf 82' lang='lat'>13.</span> 
     </span>
     <span class='ocr_line' id='line_1_23' title="bbox 372 3164 1368 3230; baseline 0.001 -17"><span class='ocrx_word' id='word_1_142' title='bbox 372 3168 409 3230; x_wconf 81' lang='grc'>(3)</span> <span class='ocrx_word' id='word_1_143' title='bbox 426 3183 437 3213; x_wconf 81' lang='grc' dir='ltr'>ι</span> <span class='ocrx_word' id='word_1_144' title='bbox 456 3165 655 3217; x_wconf 86' lang='lat' dir='ltr'>Mediolanensis</span> <span class='ocrx_word' id='word_1_145' title='bbox 670 3166 860 3230; x_wconf 62' lang='lat' dir='ltr'>ecclesianam</span> <span class='ocrx_word' id='word_1_146' title='bbox 880 3165 1008 3229; x_wconf 87' lang='lat' dir='ltr'>superbiae</span> <span class='ocrx_word' id='word_1_147' title='bbox 1029 3165 1097 3216; x_wconf 87' lang='lat' dir='ltr'>laslu</span> <span class='ocrx_word' id='word_1_148' title='bbox 1108 3178 1156 3228; x_wconf 88' lang='lat' dir='ltr'>per</span> <span class='ocrx_word' id='word_1_149' title='bbox 1170 3164 1296 3214; x_wconf 86' lang='lat' dir='ltr'>ducentos</span> <span class='ocrx_word' id='word_1_150' title='bbox 1313 3164 1368 3214; x_wconf 86' lang='lat' dir='ltr'>lere</span> 
     </span>
     <span class='ocr_line' id='line_1_24' title="bbox 288 3243 1367 3316; baseline -0.005 -18"><span class='ocrx_word' id='word_1_151' title='bbox 288 3312 289 3316; x_wconf 10' lang='grc' dir='ltr'><strong>Ἰ</strong></span> <span class='ocrx_word' id='word_1_152' title='bbox 343 3263 426 3298; x_wconf 86' lang='lat' dir='ltr'>annos</span> <span class='ocrx_word' id='word_1_153' title='bbox 449 3261 464 3297; x_wconf 86' lang='lat' dir='ltr'>a</span> <span class='ocrx_word' id='word_1_154' title='bbox 486 3247 647 3311; x_wconf 85' lang='lat' dir='ltr'>subjectione</span> <span class='ocrx_word' id='word_1_155' title='bbox 671 3243 796 3296; x_wconf 87' lang='lat' dir='ltr'>R&#39;omanae</span> <span class='ocrx_word' id='word_1_156' title='bbox 821 3245 944 3296; x_wconf 78' lang='lat' dir='ltr'>Ecclesiae</span> <span class='ocrx_word' id='word_1_157' title='bbox 965 3243 1108 3296; x_wconf 85' lang='lat' dir='ltr'>insolenter</span> <span class='ocrx_word' id='word_1_158' title='bbox 1131 3260 1159 3295; x_wconf 90' lang='lat' dir='ltr'>se</span> <span class='ocrx_word' id='word_1_159' title='bbox 1183 3246 1367 3307; x_wconf 86' lang='lat' dir='ltr'>substraxerat,</span> 
     </span>
     <span class='ocr_line' id='line_1_25' title="bbox 343 3324 1369 3396; baseline -0.004 -19"><span class='ocrx_word' id='word_1_160' title='bbox 343 3327 427 3393; x_wconf 85' lang='lat' dir='ltr'>prima</span> <span class='ocrx_word' id='word_1_161' title='bbox 436 3327 505 3376; x_wconf 83' lang='lat' dir='ltr'>inter</span> <span class='ocrx_word' id='word_1_162' title='bbox 513 3327 576 3376; x_wconf 87' lang='lat' dir='ltr'>alias</span> <span class='ocrx_word' id='word_1_163' title='bbox 586 3341 644 3377; x_wconf 87' lang='lat' dir='ltr'>eam</span> <span class='ocrx_word' id='word_1_164' title='bbox 653 3326 780 3388; x_wconf 85' lang='lat' dir='ltr'>maiorem</span> <span class='ocrx_word' id='word_1_165' title='bbox 792 3325 928 3376; x_wconf 85' lang='lat' dir='ltr'>humiliter</span> <span class='ocrx_word' id='word_1_166' title='bbox 940 3325 1099 3392; x_wconf 74' lang='lat' dir='ltr'>recognovit.</span> <span class='ocrx_word' id='word_1_167' title='bbox 1112 3325 1305 3396; x_wconf 60' lang='lat' dir='ltr'>olVa&#39;taNieol.</span> <span class='ocrx_word' id='word_1_168' title='bbox 1317 3324 1369 3387; x_wconf 90' lang='grc' dir='ltr'>ΙΙ.)</span> 
     </span>
     <span class='ocr_line' id='line_1_26' title="bbox 374 3406 899 3471; baseline -0.002 -13"><span class='ocrx_word' id='word_1_169' title='bbox 374 3408 410 3470; x_wconf 78' lang='lat' dir='ltr'>(l)</span> <span class='ocrx_word' id='word_1_170' title='bbox 426 3408 456 3457; x_wconf 93' lang='lat' dir='ltr'>B.</span> <span class='ocrx_word' id='word_1_171' title='bbox 468 3407 540 3458; x_wconf 88' lang='lat' dir='ltr'>Petri</span> <span class='ocrx_word' id='word_1_172' title='bbox 551 3407 635 3470; x_wconf 63' lang='lat' dir='ltr'>Bam„</span> <span class='ocrx_word' id='word_1_173' title='bbox 650 3408 725 3471; x_wconf 86' lang='lat' dir='ltr'>epist.</span> <span class='ocrx_word' id='word_1_174' title='bbox 738 3419 764 3468; x_wconf 84' lang='lat' dir='ltr'>v,</span> <span class='ocrx_word' id='word_1_175' title='bbox 776 3406 808 3456; x_wconf 77' lang='lat' dir='ltr'>ld</span> <span class='ocrx_word' id='word_1_176' title='bbox 822 3411 847 3456; x_wconf 83' lang='lat' dir='ltr'>et</span> <span class='ocrx_word' id='word_1_177' title='bbox 858 3406 899 3457; x_wconf 82' lang='lat'>15.</span> 
     </span>
     <span class='ocr_line' id='line_1_27' title="bbox 375 3483 1228 3552; baseline -0.002 -16"><span class='ocrx_word' id='word_1_178' title='bbox 375 3487 411 3552; x_wconf 85' lang='lat'>(5)</span> <span class='ocrx_word' id='word_1_179' title='bbox 427 3486 557 3538; x_wconf 83' lang='lat' dir='ltr'>Horduin</span> <span class='ocrx_word' id='word_1_180' title='bbox 570 3487 684 3551; x_wconf 63' lang='grc' dir='ltr'>(Ῑοηείίν</span> <span class='ocrx_word' id='word_1_181' title='bbox 697 3491 716 3536; x_wconf 89' lang='lat' dir='ltr'>t.</span> <span class='ocrx_word' id='word_1_182' title='bbox 730 3485 775 3546; x_wconf 83' lang='lat' dir='ltr'>tlt,</span> <span class='ocrx_word' id='word_1_183' title='bbox 788 3501 813 3550; x_wconf 94' lang='lat' dir='ltr'>p.</span> <span class='ocrx_word' id='word_1_184' title='bbox 829 3486 883 3538; x_wconf 84' lang='lat'>119.</span> <span class='ocrx_word' id='word_1_185' title='bbox 898 3512 926 3523; x_wconf 93' lang='lat'>-</span> <span class='ocrx_word' id='word_1_186' title='bbox 937 3485 1032 3549; x_wconf 70' lang='lat' dir='ltr'>Labda,</span> <span class='ocrx_word' id='word_1_187' title='bbox 1044 3489 1064 3544; x_wconf 80' lang='lat' dir='ltr'>t.</span> <span class='ocrx_word' id='word_1_188' title='bbox 1077 3485 1121 3548; x_wconf 81' lang='lat' dir='ltr'>Ill,</span> <span class='ocrx_word' id='word_1_189' title='bbox 1133 3499 1159 3552; x_wconf 83' lang='lat' dir='ltr'>p.</span> <span class='ocrx_word' id='word_1_190' title='bbox 1172 3483 1228 3535; x_wconf 84' lang='grc'>119.</span> 
     </span>
    </p>
   </div>
   <div class='ocr_carea' id='block_1_4' title="bbox 0 0 1570 5050">
    <p class='ocr_par' dir='ltr' id='par_1_6' title="bbox 0 0 1570 5050">
     <span class='ocr_line' id='line_1_28' title="bbox 0 0 1570 5050; baseline 0 0"><span class='ocrx_word' id='word_1_191' title='bbox 0 0 1570 5050; x_wconf 95' lang='lat' dir='ltr'> </span> 
     </span>
    </p>
   </div>
  </div>
 </body>
</html>
