3116 5050
733 591 930 653 ..50-.

300 725 463 808 sordeant,
491 699 785 794 transmarinorum
816 726 927 815 pelles,
957 725 1035 816 quia
1071 747 1188 816 magno
1220 725 1326 816 pretio

300 850 505 923 coemuntur,
537 842 708 910 oblectant.
746 841 924 926 Ermellini,
964 841 1128 930 gebellini,
1168 852 1327 912 martores

302 955 528 1046 exquiruntur.

345 1071 463 1140 Omitto
500 1074 637 1142 annulos
684 1073 873 1141 enormibus
921 1073 1084 1142 adhibitos
1127 1073 1325 1161 margaritis.

303 1189 463 1257 Praetereo
482 1188 600 1277 virgaS,
621 1208 687 1256 non
703 1189 771 1279 jam
792 1209 874 1256 auro
893 1189 1095 1278 gemmisque
1120 1188 1326 1279 conspicuas,

301 1305 356 1372 sed
377 1305 518 1394 sepultas
539 1303 598 1394 (l).
624 1328 638 1370 r
659 1305 696 1372 Et
715 1303 817 1372 alibi:
842 1327 856 1370 r
884 1303 1033 1384 Quotidie
1052 1304 1177 1392 regales
1208 1306 1327 1393 epulae,

302 1417 447 1507 quotidie
477 1427 664 1508 apparatus,
696 1416 839 1507 quotidie
861 1417 1006 1506 nuptiale
1035 1417 1257 1486 convivium...
1290 1418 1330 1486 Et

301 1555 403 1624 quum
417 1535 588 1624 episcopus
605 1534 810 1624 dispensator
828 1543 860 1602 et
878 1555 1012 1622 promus
1030 1533 1145 1602 debeat
1158 1553 1229 1602 esse
1247 1555 1329 1624 pan·

245 1659 250 1672 ·
303 1667 429 1736 perum,
452 1649 490 1716 ad
510 1668 625 1716 eorum
649 1653 808 1731 mensam,
837 1646 1044 1716 affluentibus
1070 1645 1205 1730 deliciis,
1231 1645 1327 1714 alieni

302 1772 448 1846 ructant;
470 1784 572 1853 quum
588 1773 620 1833 et
632 1763 678 1830 illi
694 1783 835 1853 quorum
855 1772 922 1831 tota
936 1774 985 1830 est
1004 1762 1196 1846 substantia,
1213 1763 1329 1852 procul

303 1879 435 1962 exclusi,
452 1879 546 1948 lamis
565 1879 675 1969 inopia
694 1881 925 1949 contabescunt
945 1878 1002 1967 (b).
1028 1901 1042 1943 ›
1285 1876 1288 1880 ’

348 1992 515 2082 Episcopis
533 1993 656 2082 ingenti
675 1995 813 2084 pecunia
834 2015 916 2083 opus
932 2003 968 2063 ut
990 1992 1108 2061 talibus
1127 1993 1327 2062 sufficerent.

304 2109 382 2190 Quae
400 2107 535 2178 diversis
554 2109 711 2193 artificiis,
730 2131 788 2198 per
805 2109 852 2178 fas
872 2110 1064 2199 plerumque
1084 2118 1116 2176 et
1133 2108 1235 2191 nefas,
1251 2128 1329 2175 con-

303 2225 434 2315 quisita.
462 2227 614 2309 loannes
642 2224 902 2296 commiaclensis
932 2226 1115 2314 episcopus,
1147 2248 1161 2290 ι
1190 2244 1331 2314 pauper-

303 2343 385 2410 culae
404 2341 532 2412 cuidam
551 2343 655 2411 viduae
675 2363 822 2432 porcum,
837 2342 1034 2432 quemvelut
1047 2361 1137 2428 spem
1156 2341 1208 2409 sui
1226 2341 1329 2408 victus

303 2457 420 2539 alebat,
441 2455 564 2525 auferri
579 2457 673 2546 jubet
698 2456 830 2548 suisque
861 2456 992 2525 ferculis
1023 2455 1231 2545 profuturum
1263 2475 1330 2522 non

303 2572 435 2660 segnius
455 2573 634 2664 praeparari
655 2571 715 2662 (3).
741 2596 755 2637 a
783 2571 854 2654 elii,
882 2581 917 2639 ut
946 2572 1131 2654 Wickerus,
1161 2571 1330 2639 Ravennas

304 2687 581 2778 archiepiscopus,
603 2699 714 2777 aperte
733 2687 874 2754 latrones
893 2696 986 2754 erant
1005 2686 1066 2776 (ll).
1079 2686 1212 2754 Munera
1235 2685 1331 2753 multi

304 2800 457 2869 libentius
476 2802 645 2891 accipere3
668 2802 753 2890 qnod
774 2811 806 2867 et
819 2797 954 2888 periculi
976 2800 1128 2887 plenum:
1154 2797 1331 2887 «Acceptis

304 2937 446 3006 namque
464 2916 667 2995 muneribus,
685 2911 716 2984 ‘si
735 2929 847 2983 contra
865 2916 1011 2983 datorem
1031 2913 1109 3006 quid
1129 2935 1226 3002 agere
1246 2915 1332 2982 volu·

305 3050 390 3114 mus,
422 3051 496 3098 mon
521 3030 555 3096 in
585 3050 642 3097 ore
667 3039 779 3096 nostro
808 3027 904 3096 verba
930 3028 1133 3108 mollescunt,
1154 3025 1330 3094 locutionis

267 3124 270 3130 ’
304 3165 442 3213 acumen
460 3145 650 3213 obtunditur
664 3142 717 3232 (5).
743 3143 879 3211 »Erant
905 3152 936 3209 et
964 3141 1020 3230 qui
1046 3162 1184 3210 munera
1211 3162 1330 3230 provo·

304 3271 426 3345 carent,
442 3270 478 3328 ut
496 3261 668 3349 episcopus
698 3259 752 3327 ille
776 3258 844 3348 qui,
873 3257 1013 3326 instante
1038 3257 1169 3346 praelixa
1199 3256 1328 3326 concilii

306 3388 463 3466 tempore,
488 3401 502 3443 a
525 3377 572 3451 sic
591 3376 793 3446 subsultabat
812 3383 908 3464 atque
927 3374 1081 3462 gliscebat
1101 3394 1138 3442 ac
1157 3372 1185 3442 si
1204 3373 1330 3442 triturae

305 3495 354 3561 vel
377 3493 578 3562 vindemialis
604 3502 780 3583 proventus
799 3491 956 3558 articulus
985 3489 1181 3557 immineret.
1215 3488 1329 3558 Accin-

305 3609 401 3700 gebat
419 3608 505 3678 enim
526 3630 560 3677 se
587 3607 784 3689 muneribus*
803 3605 1003 3694 colligendis,
1037 3606 1075 3672 ad
1103 3625 1187 3694 quos
1216 3603 1329 3694 ntique

333 3830 368 3892 (1)
384 3829 479 3894 Opusc.
493 3841 568 3890 xxxi,
581 3828 685 3878 Contra
696 3841 840 3877 manarum
852 3825 1038 3889 cupiditatem,
1052 3838 1108 3889 cap,
1123 3822 1148 3874 6.

335 3911 371 3975 (ἓ)
386 3911 482 3974 Opusc.
495 3922 540 3973 xx,
552 3908 741 3973 Apolopetieua
752 3907 783 3957 ob
795 3905 942 3956 damiam
953 3905 1146 3968 episcopatem.
1160 3900 1197 3952 Cf.
1212 3899 1287 3965 epist.
1299 3913 1330 3963 ιι,

305 3990 329 4052 l,
344 3994 371 4040 et
384 4003 473 4054 opusc.
484 4001 550 4052 xnn,
565 4002 622 4052 cap.
636 3987 660 4037 3.

336 4070 373 4132 (3)
388 4069 483 4134 Opusc.
493 4083 558 4133 χιιι,
574 4083 630 4134 cap.
644 4067 669 4118 3.

336 4149 371 4214 (4)
386 4148 467 4213 llpist.
480 4149 561 4212 v11‚2.

336 4230 374 4294 (5)
387 4229 482 4295 Opusc.
496 4241 570 4293 xxxa,
586 4227 689 4280 Contra
701 4241 848 4278 manarum
859 4226 972 4290 capidit.
