3116 5050
628 599 787 660 ..53-

195 727 307 801 utru'm
325 729 467 820 pontifex
485 729 692 820 accipiendus
719 730 761 799 sit
778 731 946 814 Gadalous,
960 730 1071 799 vitiose
1084 732 1217 816 electus,

196 848 231 916 in
262 867 373 937 quem,
406 871 422 909 o
455 856 535 914 teste
566 847 700 931 mundo,
732 847 879 915 omnium
911 847 1064 916 vitiorum
1095 847 1221 916 sentina
1291 885 1292 888 π

197 962 360 1044 confluxit,
382 982 424 1031 au
443 961 497 1030 ille
516 961 622 1051 potius
641 984 738 1052 quem
759 963 939 1031 cardinales
965 962 1108 1052 episcopi
1139 983 1221 1031 una·

197 1079 329 1147 nimiter
347 1072 552 1160 vocaverunt,
573 1098 671 1167 quem
691 1079 797 1148 clerus
815 1078 924 1168 elegit,
953 1099 1050 1165 quem
1083 1078 1223 1167 populus

198 1193 357 1284 expetivit,
380 1193 498 1262 nonin
517 1195 717 1263 extremitate
736 1203 912 1277 terrarum,
935 1195 989 1262 sed
1005 1193 1090 1261 intra
1103 1192 1224 1262 moenia

197 1311 418 1379 Romanorum
438 1319 469 1378 et
488 1310 521 1377 in
541 1310 643 1399 ipsius
669 1309 759 1393 Sedis
778 1309 967 1399 Apostolicae
996 1310 1133 1398 gremio.
1159 1336 1173 1379 r>

242 1423 281 1492 Se
299 1422 418 1492 victum
437 1423 556 1490 fatetur
575 1420 684 1510 regius
714 1423 897 1504 advocatus,
920 1423 1104 1513 scriptoque
1126 1427 1226 1496 finem

197 1537 335 1628 imponit
355 1537 529 1606 Damianus
547 1537 721 1606 Sacerdotii
754 1537 952 1627 Imperiique
983 1539 1138 1610 unionem
1171 1565 1225 1613 ce-

196 1654 365 1737 lebrando,
387 1653 564 1720 dummodo
583 1663 692 1720 tamen
712 1652 889 1740 Imperium
909 1653 1097 1742 subjaceat:
1114 1681 1131 1720 a
1148 1658 1228 1725 Pon·

198 1769 285 1854 tifex,
300 1779 456 1859 tanquam
473 1788 602 1856 parens,
617 1777 752 1856 paterno
766 1787 894 1856 semper
903 1767 979 1857 jure
989 1755 1223 1857 ‘praeemineat3

169 1866 174 1874 ¹
198 1885 276 1968 Rex,
298 1885 384 1953 velut
402 1884 518 1952 unicus
538 1904 575 1952 ac
595 1882 770 1972 singularis
789 1883 887 1968 silius,
920 1884 954 1951 in
986 1885 1107 1954 amoris
1139 1887 1227 1957 illius

198 2002 350 2091 amplexu
369 1999 563 2088 requiescat.
590 2022 604 2064 n
1061 1983 1063 1991 ⁴

243 2220 327 2288 Num
356 2217 513 2308 scriptum
544 2217 623 2284 illud
657 2216 690 2284 in
720 2215 906 2284 Osboriensi
938 2216 1076 2285 concilio
1109 2218 1227 2286 lectum
1314 2260 1316 2264 2

199 2335 310 2419 luerit,
332 2334 505 2402 incertum.
526 2333 684 2401 Caeterum
703 2353 776 2420 quae
795 2330 894 2399 libelli
914 2333 1091 2416 conclusio,
1113 2335 1226 2402 eadem

201 2462 233 2518 et
252 2449 364 2540 synodi
384 2449 454 2515 suit.
478 2447 634 2515 Cadalous
654 2445 753 2527 enim,
775 2455 935 2533 praesente
955 2466 1044 2534 rege,
1066 2446 1106 2513 ab
1127 2446 1232 2514 omni·

199 2566 261 2632 bus
280 2573 349 2632 tum
368 2561 531 2651 germanis
550 2571 619 2628 tum
639 2559 754 2628 italicis
788 2560 960 2649 episcopis,
994 2562 1165 2629 damnatus
1196 2573 1227 2630 et
1283 2564 1288 2575 '

201 2675 368 2766 depositus
387 2677 555 2765 esttuxvu
577 2684 658 2763 sept.
679 2675 796 2764 nunu).
811 2675 901 2755 Quod
917 2696 1019 2765 quum
1035 2675 1176 2744 evenerit
1190 2697 1228 2744 eo

199 2792 271 2880 ipso
290 2792 342 2860 die
362 2813 426 2881 quo
444 2791 558 2859 fuisset
576 2789 733 2859 Gadalous
752 2791 947 2880 praecedenti
974 2811 1059 2858 anno
1093 2791 1227 2877 electus,

201 2907 365 2976 contendit
385 2907 560 2975 Damianus
579 2926 613 2974 se
632 2915 718 2974 recte
737 2905 836 2974 fuisse
855 2905 1074 2990 vaticinatum,
1090 2906 1228 2976 Cadaloo

201 3023 417 3094 scribentem:

326 3210 389 3260 Non
400 3224 447 3274 eqo
462 3216 487 3259 te
500 3209 579 3272 sollo,
592 3214 674 3272 coepto
687 3210 810 3260 moriens
821 3210 852 3258 in
865 3223 948 3260 anno.

250 3437 266 3476 a
286 3412 369 3480 Tum
388 3411 508 3501 quippe
527 3418 675 3478 mortuus
695 3421 743 3478 est
762 3408 795 3475 in
814 3407 1065 3496 honore‚quum
1078 3406 1224 3490 honoris,

202 3525 344 3615 synodali
365 3526 506 3607 decreto,
529 3521 669 3610 perdidit
683 3521 885 3609 dignitatem.
910 3542 927 3588 n
1224 3608 1228 3616 .

244 3639 305 3708 Sed
338 3660 423 3708 anno
462 3648 679 3728 consequente
717 3638 848 3726 (utxru)
886 3625 1054 3718 Cad'alous,
1090 3636 1225 3702 Romam

198 3777 380 3844 regressus
402 3755 437 3823 B.
459 3754 544 3822 Patri
564 3754 746 3835 ecclesiam,
765 3753 898 3842 juvante
917 3771 1130 3819 romanorum
1151 3770 1226 3838 pro·

199 3892 312 3940 oerum
331 3880 468 3953 caterva,
489 3868 667 3958 occupavit.
689 3868 780 3937 Unde
800 3876 928 3956 postera
947 3865 998 3933 die
1031 3865 1158 3954 pulsus,
1191 3863 1225 3931 iu

194 3987 301 4056 Sancti
320 3985 433 4074 Angeli
452 3986 619 4054 castellum
639 4006 673 4054 se
692 3983 839 4064 contulit,
861 3981 917 4052 ubi
942 3980 1111 4049 biennium
1137 3999 1225 4048 com-

199 4107 345 4169 moratus
364 4108 425 4168 est.

593 4280 837 4307 .,.-...-..
