3116 5050
640 602 800 662 ...85-

207 731 307 801 intus.
329 731 388 811 Qui
407 734 517 802 decem
536 752 639 803 annos
663 745 720 802 aut
742 734 895 824 amplius,
917 737 977 803 sub
1003 737 1109 804 alieno
1129 737 1232 826 impe·

207 845 257 913 rio
276 847 472 915 constitutus
491 867 659 936 nunquam
678 847 810 915 obedire
830 848 977 932 sciverit;
1002 873 1015 914 r
1039 869 1139 930 nunc,
1161 850 1232 938 ipso

210 961 263 1029 die
283 983 347 1058 quo
368 962 402 1029 in
427 963 616 1051 praelatione
646 963 863 1047 constituitur,
885 963 929 1031 ita
956 963 1159 1052 praesidentis
1184 965 1235 1032 in·

209 1077 281 1146 duit
303 1077 457 1166 speciem,
479 1078 524 1144 ita
554 1077 751 1146 dominantis
783 1079 931 1168 exprimit
960 1079 1172 1166 majestatem,
1202 1089 1237 1146 ut

210 1211 277 1260 non
296 1212 401 1281 nuper
420 1194 572 1276 electum,
592 1194 654 1261 'sed
676 1203 789 1260 natum
815 1193 903 1262 dicas
932 1193 1092 1262 abbatem.
1108 1193 1165 1260 un
1183 1215 1235 1261 re-

211 1317 306 1395 pente
335 1327 467 1375 severus
500 1307 534 1374 in
563 1309 663 1391 vultu,
685 1307 882 1396 imperiosus
909 1307 943 1374 in
963 1327 1051 1388 voce,
1073 1307 1112 1374 ad
1137 1309 1237 1374 corri-

209 1423 366 1513 piendum
390 1444 477 1504 acer,
500 1425 544 1492 ad-
567 1423 779 1512 judicandum
804 1433 1019 1514 promptus...
1040 1421 1235 1490 'Presidendi

210 1538 372 1628 siqnidem
391 1549 494 1607 artem
514 1539 685 1608 docibilem
706 1539 855 1621 dixerim,
877 1559 951 1628 quae
969 1549 1034 1604 tarn
1054 1537 1147 1605 lacile
1171 1537 1237 1604 dis-

209 1654 306 1737 citur,
327 1663 363 1722 ut
391 1655 527 1744 quilibet
553 1654 650 1722 etiam
680 1654 802 1722 adalia
831 1674 954 1735 vecors,
991 1653 1074 1720 banc
1103 1672 1175 1718 mox
1202 1664 1238 1719 ut

210 1767 379 1856 inceperit,
401 1767 556 1856 magister
574 1766 608 1834 in
628 1788 666 1835 ea
684 1766 901 1856 peritissimus
920 1765 1132 1854 approbetur.
1159 1787 1172 1828 r

260 1991 375 2058 Poenas
394 1989 433 2056 ab
454 1983 739 2057 abbate‘monacbi
760 1988 899 2082 quodam
931 1988 1027 2054 modo
1047 1985 1239 2072 repetebant

116 2131 120 2140 ·
213 2114 468 2184 murmurantes,
500 2104 698 2185 vellicantes,
734 2104 926 2170 rebellantes
938 2097 955 2186 ,;‘
982 2101 1179 2169 dormientes
1211 2099 1237 2166 si

215 2221 402 2309 praedicatio
432 2221 528 2308 longa
554 2219 617 2302 sit;
649 2219 699 2286 sin
728 2231 837 2286 antem
864 2219 1015 2285 brevior:
1050 2241 1063 2280 u
1094 2214 1184 2293 Quod
1207 2209 1259 2282 in‘

214 2357 285 2418 suo,
315 2335 479 2425 inquiunt,
501 2355 565 2402 non
598 2334 820 2402 studuit-vase
852 2317 1128 2413 reconderanon
1159 2331 1241 2398 valet

216 2450 286 2518 aliis
301 2449 488 2538 propinare.
513 2447 707 2516 »Caeterum
735 2448 826 2515 venia
846 2447 962 2534 dignus
982 2446 1093 2529 abbas,
1118 2447 1144 2512 si
1176 2445 1242 2532 spi-

214 2565 346 2634 ritualia
378 2559 531 2653 negligat,
568 2565 744 2632 dummodo
776 2576 904 2660 terrena
937 2571 1004 2629 toto
1038 2560 1159 2650 studio,
1192 2570 1241 2627 to-

214 2681 321 2770 tisque
360 2680 482 2748 viribus
513 2687 741 2768 prosequatur.
784 2703 799 2743 a
839 2679 906 2760 llle,
948 2677 1105 2744 nimirum
1140 2675 1242 2742 abbas

216 2796 389 2879 extollitur,
413 2795 466 2863 ille
485 2795 603 2884 dignus
625 2794 767 2883 percepti
787 2792 921 2862 honoris
943 2791 1044 2859 inlula
1059 2789 1240 2879 judicatur,

215 2909 271 2998 qui
291 2909 378 2977 novit
396 2930 550 2996 agrorum
580 2908 696 2976 fundos
727 2908 909 2988 extendere,
931 2903 1048 2973 turrita
1067 2905 1242 2972 domorum
1345 2957 1348 2962 .

217 3024 360 3092 culmina
377 3024 549 3107 fabricare,
571 3023 631 3092 sibi
660 3021 841 3090 commissis
867 3041 933 3088 non
962 3030 1028 3087 tam
1058 3018 1242 3086 necessaria

217 3161 314 3229 quam
335 3131 550 3230 et'superltua
569 3138 795 3206 ministrare...
817 3135 906 3214 Quod
934 3135 1094 3216 siabbas,
1117 3134 1157 3201 ab
1189 3154 1242 3201 ex-

217 3255 392 3323 terioribus
411 3267 606 3343 temperans,
628 3253 850 3343 spiritualibus
868 3273 902 3320 se
931 3249 1045 3318 studiis
1059 3318 1062 3324 ,
1075 3248 1241 3336 mancipa-

218 3369 310 3452 verit,
327 3368 478 3456 gemitur,
494 3367 689 3455 suspiratur,
705 3375 737 3433 et
755 3363 980 3454 unusquisque
1000 3383 1037 3428 ex
1056 3360 1241 3428 domesticae

217 3485 377 3554 facultatis
399 3483 527 3572 jactura
557 3480 779 3569 conqueritur.
804 3479 895 3560 Ecce,
932 3477 1095 3566 inquiunt,
1124 3476 1241 3542 domus

214 3589 328 3671 sancta
346 3598 525 3668 destruitur
543 3596 631 3684 (bl...
662 3619 675 3662 i

495 3784 578 3846 Intus,
593 3783 664 3845 foris,
677 3781 700 3832 si
712 3780 844 3846 contingat

496 3863 621 3926 Quaelibet
631 3861 782 3923 adversitas,

497 3944 552 3993 lloc
565 3941 673 3993 incuriae
685 3939 784 3990 abbatis

497 4024 600 4074 Fratres
611 4016 703 4073 omnes
716 4019 853 4082 deputant3

250 4232 284 4296 (2)
300 4234 394 4317 Opnsc‘¹
408 4241 463 4295 xxl,
476 4243 533 4293 cap.
544 4229 569 4280 2.
