3110 5066
808 627 948 690 ,2-

364 755 517 846 exagitari
532 756 648 856 coepit.
676 757 821 828 Mortuus
839 759 926 828 enim
938 768 1043 848 pater,
1059 759 1258 851 plurimique
1281 760 1388 831 relicti

361 870 419 940 filii
438 869 496 958 (l),
523 892 606 961 quos
632 883 748 956 mater,
775 871 809 939 in
838 881 968 942 summa
999 894 1112 943 rerum
1142 875 1304 964 angustia,
1338 875 1391 944 vix

361 997 542 1056 sustentare
557 986 672 1077 potnit.
688 987 812 1056 Labore
825 987 940 1073 fracta,
965 1009 1173 1079 moeroreque
1205 1010 1244 1059 ac
1273 991 1389 1079 despe-

359 1101 486 1172 ratione
514 1121 639 1185 amens,
671 1101 787 1188 ubera,
819 1103 872 1172 die
903 1105 1058 1193 quadam,
1086 1104 1224 1204 parvulo¹
1240 1104 1389 1193 praebere

358 1217 492 1300 destitit,
512 1219 606 1306 quasi
625 1225 793 1287 mortuum
812 1230 957 1308 cuperet.
981 1217 1019 1287 ln
1038 1239 1077 1288 eo
1093 1220 1163 1308 jam
1181 1205 1296 1288 Petrus
1314 1231 1387 1288 erat

358 1344 395 1403 ut
404 1334 546 1405 unimam
558 1336 748 1425 propediem
768 1334 942 1418 exhalaret,
964 1354 1067 1424 quum
1088 1333 1182 1402 vicini
1202 1335 1385 1426 presbyteri

359 1471 442 1519 uxor
455 1448 514 1539 (ἢ),
527 1449 625 1519 tantis
638 1458 800 1519 commota
812 1449 965 1533 miseriis,
979 1459 1242 1539 prostratamque
1267 1451 1388 1520 adhor·
1427 1461 1432 1466 '

358 1575 424 1636 tata
443 1576 593 1651 matrem,
615 1566 866 1635 semimortuum
892 1565 1049 1635 infantem
1078 1567 1119 1638 ad
1145 1565 1243 1635 vitam
1273 1567 1387 1636 sedula

358 1682 529 1752 revocavit.
701 1669 705 1674 ’

402 1797 475 1868 Non
494 1797 539 1866 ita
558 1798 660 1866 multo
680 1807 764 1887 post,
797 1795 878 1865 obiit
905 1795 976 1886 ipsa
1007 1795 1093 1864 Petri
1124 1805 1254 1881 mater3
1286 1817 1386 1888 quem

356 1921 441 1983 teoto
464 1913 566 1982 frater
590 1922 668 1981 natu
701 1911 873 1995 maximus,
908 1920 1071 1979 annuente
1098 1932 1212 1996 uxore,
1245 1913 1382 2002 recepit.

360 2043 374 2086 r
397 2021 437 2089 lli
451 2019 618 2110 conjuges,
631 2037 706 2088 cum
724 2039 839 2107 gerere
858 2018 952 2107 pueri
971 2038 1084 2088 curam
1097 2018 1300 2103 simularent,
1319 2029 1385 2087 tam

357 2137 440 2205 dura
459 2135 549 2210 illum
570 2135 703 2225 acrique
717 2133 909 2224 premebant
922 2133 1102 2218 severitate,
1117 2146 1153 2203 ut
1167 2134 1194 2202 is
1207 2154 1274 2202 non
1286 2137 1385 2204 modo

356 2272 440 2340 pane
459 2250 606 2341 cibisque
625 2272 664 2320 ac
682 2249 755 2320 vino
774 2249 896 2318 vitiosis
916 2259 948 2318 et
966 2249 1129 2338 corruptis
1141 2251 1304 2334 aleretur3
1323 2252 1381 2319 sed

356 2374 514 2455 perpetuo
533 2364 663 2433 nudatis
682 2363 820 2454 pedibus
839 2381 1003 2451 pannosus
1023 2362 1199 2446 incederet,
1220 2373 1252 2431 et
1271 2361 1382 2432 multis

356 2480 548 2549 verberibus
565 2479 753 2567 vapularet;
773 2479 936 2567 pauloque
955 2476 1111 2565 grandior
1128 2477 1243 2562 factus,
1257 2479 1383 2550 alendis

357 2595 470 2665 suibus
490 2595 712 2685 praeficeretur
729 2592 783 2682 (3).
810 2616 824 2660 r

400 2709 483 2778 Dum
496 2710 613 2778 talibus
625 2709 659 2778 in
671 2708 830 2797 angustiis
841 2707 990 2796 degebat,
1005 2718 1196 2797 argenteum
1208 2730 1381 2782 nummum

356 2824 470 2894 Petrus
507 2825 560 2894 die
597 2825 736 2914 quadam
766 2823 900 2913 reperit,
932 2823 1084 2913 divesque
1111 2836 1244 2913 repente
1260 2827 1382 2918 ‘lactus

299 2970 300 2974 =
357 2939 512 3028 quidnam
545 2937 620 3007 inde
652 2936 727 3020 sibi,
766 2936 846 3004 nibil
875 2936 940 3004 huo
965 2957 1070 3025 usque
1097 2937 1203 3006 suavis
1231 2959 1379 3029 unquam

357 3067 499 3145 experto,
520 3065 725 3145 procuraret,
747 3052 974 3121 multo-labore
987 3073 1098 3122 seoum
1110 3053 1264 3142 agitabat,
1279 3076 1382 3145 quum

355 3169 486 3240 subito:
523 3194 538 3236 r
574 3167 654 3249 Quid
687 3179 736 3238 est
765 3169 852 3257 quod
879 3168 1034 3236 revolvo‘l
1064 3165 1227 3258 Quidquid
1257 3170 1379 3239 borum

356 3295 443 3355 certe
463 3305 641 3366 assumam,
662 3304 728 3352 non
741 3282 803 3352 erit
814 3282 913 3378 hujus
926 3282 1080 3351 diuturna
1091 3284 1252 3373 voluptas.
1267 3285 1383 3356 llelius

354 3421 432 3489 ergo
446 3410 494 3469 est
505 3411 543 3468 ut
554 3400 679 3467 tradam
693 3397 896 3488 presbytero,
910 3396 966 3487 qui
977 3397 1042 3466 lleo
1056 3398 1253 3467 sacrificium
1265 3400 1382 3470 ollerat

384 3678 420 3743 (l)
436 3677 487 3729 Sex
497 3677 599 3740 saltem,
612 3675 700 3740 plures
710 3675 795 3724 lorsan
808 3676 962 3737 supererant
973 3687 979 3724 :
992 3672 1048 3737 ipse
1058 3674 1165 3738 quidem
1176 3677 1278 3738 Petrus,
1290 3677 1383 3728 frater-

353 3773 405 3824 que
418 3762 481 3808 natu
500 3757 640 3819 maximus3
665 3755 815 3818 Damianus,
832 3754 865 3803 de
885 3767 936 3817 quo
955 3753 1036 3816 inlra;
1056 3754 1179 3814 Marinus,
1195 3757 1269 3819 cujus
1289 3757 1384 3808 Petrus

352 3839 474 3892 meminit
484 3838 571 3904 (epist.
586 3851 616 3900 11,
629 3837 681 3901 ll),
696 3841 752 3886 tum
763 3849 867 3887 sorores
879 3836 952 3886 duae:
966 3833 1110 3886 Rodelinda
1122 3840 1148 3886 et
1160 3837 1273 3902 sufficia,
1287 3840 1384 3902 quibus

352 3923 448 3988 scripta
460 3921 569 3985 epistola
580 3931 638 3982 vni,
650 3918 691 3968 ll.

382 4003 417 4066 (i)
433 4003 506 4052 liano
518 4001 664 4064 foeminam
675 3998 750 4049 loon.
767 3995 919 4058 laudensis,
929 3995 1056 4060 pollicem
1067 4010 1129 4047 vero
1143 3997 1305 4063 Augustinus
1317 3999 1384 4050 For-

350 4088 605 4230 mgslligiriiiymus
626 4161 743 4222 liubens,
763 4158 928 4210 Italicorum
941 4163 967 4207 et
978 4156 1171 4210 Rauennatem
1189 4159 1381 4225 historiarum,

235 4273 240 4285 ·
348 4247 409 4299 libri
420 4258 460 4298 ιι.
472 4244 599 4306 venetiis,
610 4241 682 4294 1603.
