3110 5066
645 669 745 750 ..233
765 703 802 716 ..
912 665 914 670 ’

250 805 416 874 Gratiores
440 805 581 895 puellae:
606 829 620 871 r
644 803 753 873 Solent
781 812 890 874 autem
917 824 1044 894 sponsae
1075 802 1235 871 nobilium

205 922 354 992 diversas·
368 921 609 1011 pigmentorum
630 920 754 1009 species
773 921 957 988 mandendo
976 940 1034 1008 per
1054 940 1111 987 ora
1129 919 1233 993 revol-

205 1057 279 1106 vere
309 1046 357 1120 ut,
391 1035 637 1104 advenientibus
667 1034 788 1124 procis,
816 1034 1013 1124 fragrantius
1040 1035 1166 1104 valeant
1196 1055 1235 1102 ac

204 1153 335 1222 suavius
354 1152 503 1221 redolere
523 1153 583 1240 (l).
608 1179 623 1213 »

171 1291 173 1297 ·
250 1269 305 1337 Sui
326 1249 939 1360 temporisusushacillac'Damianus,
957 1266 1032 1334 data
1051 1267 1233 1353 occasione,
1266 1318 1268 1321 ι

205 1384 356 1454 describit
378 1383 434 1473 (D).
473 1384 630 1453 Naturam
658 1404 801 1473 quoque,
833 1382 906 1470 pius
942 1395 1079 1464 amator,
1114 1382 1233 1472 saepius

205 1501 353 1568 invocat:
386 1499 554 1568 christiani
591 1509 666 1567 sunt
698 1499 831 1566 arbores
862 1508 894 1566 et
924 1498 1124 1586 agricultura
1157 1499 1231 1582 Dei;

209 1644 223 1678 a
246 1615 307 1685 Sed
327 1614 411 1684 sicut
429 1615 539 1698 arbor,
561 1615 588 1683 si
608 1613 784 1703 vegetantis
804 1613 892 1681 succi
907 1613 1231 1700 humoredeseritur,
1317 1669 1323 1678 .

205 1732 355 1822 protinus
383 1731 572 1814 exsiccatur,
595 1731 642 1799 sic
667 1741 699 1798 et
728 1730 837 1798 anima
863 1739 985 1813 nostra,
1008 1730 1070 1797 nisi
1095 1729 1235 1820 Spiritus

206 1848 313 1917 Sancti
342 1847 455 1936 gratiae
480 1846 579 1914 luerit
606 1867 681 1914 rore
717 1846 861 1935 perlusa,
902 1846 1047 1938 funditus
1080 1847 1233 1931 arelacta,

208 1963 246 2030 ad
269 1961 390 2030 nullius
416 1969 535 2028 sanctae
564 1958 763 2048 operationis
794 1979 929 2048 germen
959 1957 1063 2047 potuit
1089 1980 1159 2028 esse
1190 1961 1236 2028 f-

207 2073 427 2166 tundata.»

252 2190 399 2260 Damiani
432 2189 624 2280 eloquentiae
649 2188 761 2257 vitium
788 2188 978 2276 multiplex.
1009 2189 1082 2257 Tria
1110 2200 1235 2258 tanturn

130 2302 1234 2394 .fflmmmmmwmfflfflm

209 2421 374 2512 tiusquam
397 2421 460 2510 ipsi
480 2421 603 2490 auctori
622 2419 807 2488 tribuenda.
1125 2437 1127 2440 ·
1231 2438 1236 2444 ·
1272 2425 1275 2429 ’

250 2537 286 2604 l⁰
320 2538 456 2618 Quidem
493 2537 702 2628 mysticarum
740 2534 1046 2626 interpretationum
1080 2537 1232 2621 abusun„

204 2677 287 2746 quas
316 2677 353 2723 ex
385 2655 544 2724 industria
579 2654 754 2722 Damianos
781 2652 989 2742 prosequitur
1021 2652 1083 2740 (d).
1121 2653 1233 2744 Neque

205 2773 314 2840 solum
344 2771 519 2860 Scripturae
549 2768 737 2852 sententias,
770 2769 884 2836 sedet
921 2789 1076 2836 numeros
1103 2769 1236 2860 mystice

205 2887 455 2976 interpretatur;
480 2885 536 2976 qui
561 2906 632 2954 mos
657 2907 675 2953 a
706 2883 870 2952 veteribus
886 2883 955 2973 jam
982 2895 1172 2972 usurpatus,
1194 2887 1234 2954 ad

203 3003 387 3072 recentiora
423 3023 527 3091 usque
559 3013 704 3090 tempora
729 2999 887 3089 pervenit.
909 2999 941 3067 Si
975 3021 1102 3089 quaeras
1133 3023 1235 3090 quare

204 3117 376 3188 duodecim
396 3117 518 3186 luerint
536 3115 868 3206 apostoli,respondet
887 3115 1085 3183 Damianus:
1112 3143 1126 3177 «
1147 3103 1232 3194 Quo-

203 3233 292 3332 niam
312 3243 361 3301 ter
380 3233 530 3322 quaterni
549 3230 720 3300 duodecim
739 3229 833 3312 frunt,
856 3241 887 3306 et
905 3229 1040 3298 rationis
1060 3231 1140 3299 ordo
1158 3253 1234 3321 pos·

196 3333 296 3418 xceltat
316 3359 352 3417 ut
371 3349 540 3417 duodecim
562 3347 760 3435 eligerentur
778 3345 915 3435 apostoli
935 3345 991 3434 qui
1011 3346 1043 3416 S.
1065 3346 1232 3416 Trinitatis

202 3466 302 3534 fidem
322 3475 513 3554 spargerent
531 3484 588 3552 per
607 3473 748 3553 quatuor
768 3473 874 3551 partes
895 3461 1007 3530 mundi
1020 3459 1074 3549 (5).
1101 3490 1116 3524 »

249 3577 286 3645 2⁰
318 3578 408 3648 Circa
433 3576 578 3645 virorum
608 3575 741 3643 nomina
770 3575 843 3663 plus
880 3596 974 3664 aequo
1003 3575 1169 3644 cavillatur
1195 3575 1227 3645 S.

230 3764 268 3828 (l)
283 3763 368 3815 Serm.
381 3775 475 3826 nxxru,
489 3763 528 3813 De
542 3762 681 3826 spirituali
695 3762 854 3812 certamine.

228 3843 263 3906 (2)
279 3842 364 3894 Serm.
383 3855 455 3907 cmx,
468 3843 507 3892 De
519 3842 641 3892 Dedicat.
654 3841 793 3905 Ecclesiae,
815 3842 884 3891 circa
896 3841 1003 3891 modum
1014 3844 1178 3893 consecranti
1187 3858 1226 3893 re-

197 3938 255 3990 ges,
268 3922 413 3987 episcopos,
432 3921 565 3972 ecclesias.

230 4003 264 4068 (3)
280 4003 376 4052 Hamil.
396 4014 452 4066 xxr,
468 3995 508 4052 De
522 4000 617 4066 Spirit.
634 4001 723 4050 cuncti
737 4001 836 4064 pratia.
853 4000 891 4051 Cf.
914 4014 1001 4052 sermo
1017 4014 1101 4066 xxmr,
1120 4007 1146 4052 et
1163 4017 1229 4067 prae-

196 4084 290 4136 sertim
302 4097 390 4148 opusc.
404 4095 450 4134 mr.
846 4086 849 4090 ’

227 4163 264 4228 (4)
280 4165 365 4216 Serm.
380 4175 453 4225 axxr,
469 4162 505 4212 Ia
516 4161 638 4212 Dedicat.
654 4161 792 4211 Ecclesiae.

227 4245 471 4310 (5)Sern1.xnr1n,
493 4243 532 4293 De
548 4243 672 4293 licentiat.
690 4241 719 4292 S.
743 4242 846 4292 Crucis.
866 4243 904 4294 cl.
920 4242 1010 4293 homil.
1028 4256 1100 4309 xnrr,
1117 4245 1156 4296 De
1168 4245 1224 4296 Na

195 4327 267 4380 tivit.
283 4326 317 4379 B.
335 4324 463 4390 Virginis.
