3116 5050
651 633 812 695 ..57-

213 766 388 835 durissima
404 765 600 834 simoniacos
619 765 790 835 severitate
809 764 1003 854 corripiens,
1019 786 1086 848 eos,
1108 764 1170 834 nisi
1189 785 1243 833 or·

213 882 322 949 dinem
341 891 454 970 sponte
480 882 668 950 desererent
687 881 820 951 omnino
850 882 1051 951 damnabiles
1079 892 1111 950 et
1138 883 1242 951 haere-

214 999 293 1064 ticos
324 1005 495 1080 assereret
518 996 576 1079 illi,
611 1021 625 1062 a
656 1013 771 1065 noram
797 1018 867 1067 rem
889 998 1072 1082 audientes,
1096 997 1244 1067 occidere

214 1112 308 1180 illum
328 1111 431 1180 moliti
451 1121 528 1180 sunt
543 1112 602 1201 (l).
629 1135 644 1177 i

259 1309 395 1379 Maxima
414 1319 483 1378 tum
504 1309 686 1400 ignorantia
713 1310 822 1380 cleriei
842 1313 1081 1402 torpescebaut.
1106 1313 1150 1381 lle
1164 1313 1244 1380 llin-

215 1426 277 1506 eio‚
320 1425 523 1516 Ostiensique
553 1426 837 1517 archipresbytero
871 1428 1119 1517 supradictum;
1147 1427 1245 1496 istum

215 1560 346 1629 quoque
371 1537 596 1630 presbyterum
621 1541 840 1624 meminimus,
863 1541 919 1631 qui
938 1542 1082 1610 eeclesiae
1102 1563 1169 1610 suae
1188 1563 1246 1630 pa·

217 1665 348 1723 tronum
364 1651 522 1743 injuriose
543 1656 699 1724 tractabat
718 1677 756 1724 eo
776 1657 863 1746 quod
883 1657 1036 1746 gallinam
1054 1657 1116 1726 sibi
1136 1658 1247 1725 vultur

217 1770 391 1860 rapuisset.
402 1770 479 1838 Haeo
497 1779 529 1838 et
541 1771 660 1839 similia
681 1793 816 1860 prorsus
836 1773 1021 1841 eommunia
1036 1783 1139 1841 erant.
1157 1773 1246 1841 «Per

216 1883 409 1972 episcopalis
429 1883 517 1952 enim
538 1885 678 1974 torporis
703 1885 876 1972 ignaviam,
896 1886 939 1954 ita
959 1906 1047 1954 nuno
1066 1887 1246 1976 presbyteri

217 1996 401 2065 litterarum
421 1997 632 2086 reperiuntur
650 1997 846 2086 inexpertes
869 2009 988 2067 utnon
1015 2000 1111 2067 modo
1131 2020 1245 2067 eorum

216 2133 291 2201 quae
328 2113 435 2200 legant
465 2111 711 2200 intelligentiam
746 2133 812 2181 non
850 2114 1021 2203 attingant,
1055 2116 1109 2183 sed
1149 2115 1247 2203 sylla-

218 2225 318 2292 batim
348 2245 479 2313 quoque
508 2225 558 2293 viu
594 2225 665 2315 ipsa
690 2226 902 2295 discurrentis
929 2227 1056 2296 articuli
1087 2228 1247 2296 elementa

181 2415 187 2438 ,
218 2340 399 2408 balbutiant
419 2339 475 2428 (d).
500 2365 517 2404 u
613 2377 615 2380 -

262 2455 351 2534 Quod
373 2456 398 2522 si
418 2465 516 2524 tantae
534 2455 671 2525 inscitiae
691 2478 808 2546 magna
821 2478 933 2536 rerum
949 2478 1116 2526 sacrarum
1134 2457 1248 2547 juncta
1356 2513 1359 2518 ,

219 2568 260 2636 sit
279 2568 418 2651 incuria,
433 2569 479 2636 nil
495 2569 627 2638 mirum.
649 2571 776 2639 Sordidi
797 2573 1001 2639 sacerdotum
1015 2571 1101 2655 libri,
1117 2571 1247 2639 sordida

219 2685 418 2768 indumenta,
441 2686 562 2754 sordidi
582 2687 721 2770 calices;
746 2683 760 2753 l
782 2687 816 2754 in
835 2687 983 2776 squalido
1015 2687 1115 2756 linteo
1135 2687 1248 2754 Domi-

219 2799 328 2867 niaum
355 2821 473 2889 corpus
493 2787 647 2869 ¹offerunt
674 2812 705 2869 et
724 2801 915 2884 involvunt;
936 2814 967 2870 et
993 2803 1079 2891 quod
1106 2823 1171 2870 non
1200 2802 1248 2868 di-

218 2927 337 3004 gnetur
355 2937 474 3004 porcus
493 2915 630 3005 quilibet
648 2917 790 3006 propriis
809 2917 902 2985 labiis
923 2917 1090 2999 adbibere,
1120 2917 1154 2984 in
1184 2917 1247 2986 boo

219 3027 265 3095 illi
285 3049 404 3117 corpus
423 3049 489 3097 non
509 3039 661 3097 verentur
681 3049 803 3118 ponere
823 3029 1006 3098 Salvatoris.
1034 3053 1048 3095 a

265 3145 377 3233 Neque
394 3146 507 3213 eredas
527 3143 665 3213 delicere
685 3165 781 3233 opes;
797 3156 828 3212 at
847 3166 921 3234 quae
939 3145 1038 3213 rebus
1051 3145 1163 3228 saeris,
1175 3166 1247 3213 nee·

219 3280 284 3328 non
303 3260 435 3350 pupillis
454 3281 492 3329 aa
511 3261 615 3328 viduis
641 3260 831 3350 impendere
850 3261 1050 3344 debuissent,
1072 3261 1132 3329 sibi
1161 3263 1245 3330 suis·

218 3396 282 3464 que
312 3375 410 3465 impie
438 3375 617 3467 presbyteri
643 3377 851 3445 reservabant
881 3375 942 3465 (3).
970 3376 1036 3444 Hos
1060 3387 1169 3445 autem
1196 3376 1246 3444 ni-

221 3491 306 3558 mius
324 3491 530 3560 terrestrium
551 3512 643 3560 amor
673 3493 713 3559 ad
733 3491 796 3560 alia
813 3492 1008 3582 plerumque
1028 3491 1148 3579 flagitia
1168 3513 1244 3580 pro·

222 3607 371 3688 vocabat;
393 3627 475 3695 quos
504 3606 613 3675 videre
642 3617 711 3675 erat
743 3608 834 3676 aulas
860 3607 978 3696 regias,
1000 3606 1174 3675 tribunalia
1194 3628 1246 3675 re-

126 3808 128 3812 ‚
165 3753 168 3760 λ
222 3720 357 3807 pientes
383 3741 474 3788 arma
499 3732 663 3790 sumentes
692 3733 728 3790 ut
752 3722 874 3790 illatam
904 3721 1049 3790 fortassis
1078 3720 1244 3810 injuriam,

221 3836 340 3926 majori
353 3856 429 3906 sane
445 3836 567 3927 injuria
585 3837 785 3907 vindicarent
804 3836 866 3928 (d).
895 3869 898 3878 ·

253 4022 291 4087 (l)
305 4022 377 4074 Petri
390 4023 475 4088 Dam.,
493 4025 554 4075 Vita
566 4022 594 4074 S.
607 4023 765 4089 Romuolda‘,
777 4038 834 4088 cap.
849 4021 889 4074 35.

252 4101 286 4165 (2)
303 4101 397 4166 Opusc.
410 4114 484 4167 xxvr,
498 4101 599 4154 Contra
613 4104 752 4156 inscitiam
764 4111 790 4154 et
804 4103 942 4154 incultam
953 4103 1122 4154 abricolam.

252 4181 289 4244 (3)
303 4181 398 4246 Opusc.
411 4193 483 4246 xxvi,
496 4196 519 4232 c.
532 4181 558 4245 l,
569 4182 594 4246 2,
607 4187 634 4234 et
645 4197 734 4248 opusc.
748 4197 822 4247 xxxa,
838 4183 939 4234 Canna
954 4183 1167 4247 phitarpprium.

252 4259 288 4324 (4)
301 4261 381 4326 Epist.
394 4273 432 4326 ir,
445 4261 471 4327 9,
484 4261 528 4314 Ad
542 4261 670 4329 Olderic„
683 4267 709 4315 et
720 4277 739 4325 1,
752 4263 792 4328 15,
808 4266 852 4316 Ad
863 4263 997 4316 Aleaeand.
1011 4262 1052 4314 ΙΙ.
