3116 5050
612 590 771 656 ..93-

184 727 306 796 nudam
326 725 430 795 somni
449 726 590 816 quietem
610 738 751 817 caperet.
773 726 875 795 Porro
900 747 1003 818 quum
1033 725 1207 816 aliquando

182 840 221 907 ad
242 840 421 927 capitulum
439 840 577 908 fratrum
596 842 749 909 accedere
765 839 969 923 decrevisset,
987 840 1069 908 sacta
1089 840 1208 908 exhor·

129 955 131 958 ’
184 953 317 1037 tatione,
340 976 411 1022 mox
428 976 446 1024 a
466 957 541 1023 sede
560 975 772 1042 consurgens,
794 955 833 1022 de
865 955 933 1024 suis
961 976 995 1023 se
1022 954 1206 1024 excessibus

183 1071 367 1154 accusabat,
381 1091 441 1160 pro
460 1071 580 1159 quibus
598 1069 777 1160 disciptinae
792 1069 951 1160 judicium
971 1092 1009 1139 ex
1026 1091 1118 1139 more
1137 1091 1208 1139 sus·

184 1185 319 1274 cipiens,
341 1185 480 1274 geminis
507 1187 680 1275 vapulabat
705 1185 860 1274 utrinque
886 1186 1115 1255 verberibus...
1136 1187 1207 1254 Vidi

181 1301 273 1369 illum
292 1321 352 1390 per
370 1302 584 1390 quadraginta
603 1301 672 1370 dies
702 1301 748 1368 nit
777 1303 864 1391 quod
884 1302 1069 1390 perignem
1094 1303 1209 1370 transit

181 1417 216 1484 in
230 1416 303 1485 cibo
323 1415 512 1506 sumpsisse,
535 1419 591 1486 sed
614 1427 741 1486 tantum
759 1416 877 1504 pomis,
910 1417 1084 1506 crudisque
1112 1427 1208 1486 terrae

182 1532 402 1616 nascentibus,
443 1533 566 1622 absque
602 1519 692 1601 omni
727 1552 863 1621 prorsus
906 1543 984 1621 potu
1021 1542 1209 1601 contentum

183 1643 282 1714 tuisse
303 1643 407 1736 (1).»
832 1635 844 1648 ‘

228 1761 381 1828 Animum
416 1762 611 1850 quandoque
648 1761 755 1849 lignea
802 1760 983 1852 cochlearia
1022 1761 1209 1830 fabricando

183 1874 321 1958 laxabat,
337 1895 411 1964 quae
424 1875 571 1943 mittebat
587 1876 626 1943 ad
646 1875 778 1956 amicos,
795 1895 869 1943 cum
883 1874 1060 1943 versiculis.
1080 1875 1208 1959 Preces,
1273 1964 1275 1969 Ι

183 1986 386 2077 hymnosque
404 1989 632 2077 componebat,
656 1987 829 2078 inquibus
851 1987 993 2078 paradisi
1019 1986 1208 2077 descriptio.

469 2181 517 2231 Ubi
527 2181 592 2232 vivis
603 2183 751 2246 margaritis

466 2262 582 2326 Surgunt
593 2261 715 2325 aedificia3

469 2346 537 2393 Auro
551 2344 621 2394 celsa
634 2345 733 2394 micant
745 2348 823 2407 tecta,

465 2421 576 2472 Radiant
586 2422 707 2473 triclinia.

465 2563 532 2614 Solis
544 2563 656 2629 gemmis
669 2564 790 2628 pretiosis

465 2644 526 2694 Haec
540 2648 669 2694 structura
680 2644 807 2708 nectitur3

465 2727 536 2776 Auro
548 2725 645 2776 mundo
657 2730 781 2788 tanquam
792 2725 859 2776 vitro

465 2805 542 2857 Urbis
554 2807 596 2856 ria
607 2806 741 2856 sternitur.

467 3099 557 3150 Hiems
568 3100 690 3162 horrens,
701 3105 765 3150 'aetas
777 3103 881 3149 torrens

470 3180 525 3230 illic
535 3191 670 3243 nunquam
682 3181 805 3242 saeriunt;

468 3259 527 3309 Flos
539 3262 680 3322 perpetuus
691 3273 811 3309 rosarum

466 3338 520 3388 Ver
530 3338 584 3402 agit
595 3343 758 3402 perpetuum,
770 3345 819 3389 etc.
833 3337 879 3402 (ἲ).

233 3546 331 3616 Totus
349 3547 447 3615 rebus
467 3545 597 3614 aeternis
617 3545 793 3614 Damianos
817 3553 887 3611 erat
906 3538 966 3629 (3),
988 3539 1080 3630 quasi
1100 3560 1215 3628 supre-

161 3649 166 3662 ’
188 3685 278 3734 mum
299 3662 360 3730 sibi
380 3663 466 3730 diem
486 3662 607 3729 instare
627 3661 842 3748 praesentiret.
864 3659 910 3726 Ad
929 3657 1079 3725 abbatem
1105 3673 1215 3722 mona·

185 3779 329 3866 chosque
358 3776 584 3847 Cluniacenses
614 3775 745 3864 scripsit
774 3793 815 3842 ne
843 3773 926 3840 torte
944 3770 1215 3848 ,obliviscerentur

215 3987 251 4054 (1)
271 3989 333 4038 Vita
345 3987 377 4038 B.
387 3987 464 4038 Petri
476 3987 568 4050 Dcm„
581 4000 640 4050 cap.
651 3984 691 4036 18.

217 4070 253 4134 (2)
270 4069 340 4120 Petri
352 4070 437 4128 bam„
451 4070 547 4120 Preces
559 4073 586 4118 et
598 4065 741 4130 Carmina,
755 4078 782 4116 n.
795 4062 851 4116 226.

218 4151 253 4216 (3)
270 4150 364 4216 Opust.
378 4162 473 4213 xxxin,
489 4150 527 4199 De
548 4149 615 4198 bono
632 4146 841 4210 camentorum
861 4157 950 4208 opusc.
966 4155 1058 4208 unx,
1073 4141 1114 4192 De
1125 4141 1216 4192 moia·

183 4234 270 4285 simia.
284 4259 313 4270 -
329 4232 487 4300 Rhymmus,
502 4231 541 4286 De
554 4229 598 4281 die
612 4229 717 4280 mortis.
1002 4237 1004 4240 ·
