3110 5066
649 561 809 624 -31-

209 693 362 786 martyris
381 691 501 778 anime,
518 703 591 782 post
603 703 771 762 cruentam
787 692 903 774 furiosi
922 692 1081 783 principis
1100 692 1238 776 rabiem,

209 819 365 898 tanquam
385 819 458 899 post
471 809 632 878 'hibernas
657 809 837 879 furentium
860 819 1031 878 ventomm
1051 807 1240 898 niviumque

210 927 383 1016 proeellas,
405 925 574 994 oraculum
600 925 662 995 hoc
689 925 804 995 divinee
835 925 956 995 meruit
986 925 1163 994 vocationis
1182 946 1240 995 au-

210 1041 302 1110 dire:
330 1041 407 1110 Veni
424 1041 570 1111 columbo
587 1063 672 1124 roeo,
683 1063 800 1132 sponsu
817 1063 888 1110 meo
902 1043 1044 1130 formoso
1058 1063 1150 1126 roeo,·
1160 1043 1240 1132 jora

131 1213 132 1216 ,
210 1156 313 1224 hiemes
325 1156 470 1240 transiit,
486 1155 590 1224 imber
602 1156 683 1224 obiit
702 1164 732 1224 et
749 1157 876 1226 recessit
883 1180 897 1241 ;
911 1157 1006 1244 (loros
1017 1164 1240 1246 apparuerunt

211 1269 248 1336 ia
265 1278 354 1338 terro
374 1277 497 1353 nostro,
520 1279 643 1360 tempos
660 1271 844 1360 putationis
861 1267 993 1339 edocuit
1013 1269 1073 1360 (l).
1099 1299 1113 1332 s

255 1384 360 1454 Sacrae
390 1384 565 1475 Scripturae
597 1385 764 1454 sententiis
795 1386 961 1455 abundant
992 1383 1138 1454 Damiani
1166 1405 1238 1455 ser·

212 1517 338 1581 mones,
378 1500 474 1567 modo
504 1499 646 1568 naturali
678 1520 788 1579 sensu,
821 1503 918 1570 modo
948 1501 1077 1585 morali,
1108 1501 1242 1592 mystico

212 1615 332 1704 saepius
355 1624 521 1704 usurpatae
557 1616 617 1705 (2).
646 1617 757 1707 Neque
787 1617 976 1706 theologicae
1007 1617 1149 1686 rationes
1185 1620 1242 1686 de·

213 1740 300 1812 sunt,
329 1729 462 1799 subtiles
477 1735 673 1822 quandoque
693 1745 724 1801 et
743 1745 856 1817 acutae,
879 1717 966 1802 sense
987 1753 1127 1821 semper.
1148 1731 1242 1812 Quae-

213 1845 297 1912 renti
316 1866 414 1914 cura
440 1847 505 1915 Deo
524 1859 650 1917 sanctos
677 1849 794 1917 tentari
819 1859 850 1918 et
876 1850 991 1918 eadere
1020 1844 1239 1938 permittatur,

213 1959 391 2030 «breviter
420 1965 666 2051 respondemus.
694 1965 800 2033 Sancti
818 1977 851 2034 et
878 1965 964 2034 enim
1002 1965 1075 2048 viri,
1097 1964 1153 2054 qui
1182 1985 1242 2055 per

119 2148 122 2155 ,
213 2076 312 2144 divini
332 2077 477 2146 muneris
491 2079 629 2166 gratiam
641 2081 680 2148 ad
700 2080 906 2173 perfectionis
920 2081 1049 2149 culmen
1062 2081 1239 2167 elevantur,

213 2192 369 2281 quamdiu
400 2193 435 2260 in
465 2194 526 2264 hac
556 2195 619 2263 vita
649 2206 736 2280 sunt,
766 2216 807 2264 ne
826 2195 935 2285 aliqua
961 2196 1099 2265 elatione
1125 2217 1240 2287 super-

213 2307 315 2392 biant,
337 2309 533 2398 quibusdam
554 2311 784 2379 tentationibus
803 2312 1041 2401 reprimuntur,
1064 2323 1100 2381 ut
1120 2333 1242 2402 nequa·
1280 2342 1282 2346 ¹

213 2444 311 2515 quem
343 2435 468 2494 tantum
506 2425 664 2516 proficere
691 2427 815 2495 valeant
844 2437 1002 2516 qnantum
1041 2428 1163 2496 volunt.
1193 2429 1241 2499 Ne

214 2541 313 2630 igitur
332 2543 525 2611 extollantur
555 2563 614 2631 per
642 2542 804 2632 superbiae
830 2541 955 2627 vilium,
977 2543 1013 2612 fit
1032 2542 1066 2610 in
1085 2544 1132 2612 eis
1151 2565 1241 2634 quae·

215 2659 290 2726 dam
310 2678 464 2728 mensura
483 2661 639 2727 virtutum
659 2658 721 2748 (3).
745 2685 762 2724 u

258 2774 331 2843 Non
361 2775 466 2843 solum
504 2785 611 2843 autem
646 2775 752 2865 justos
795 2777 911 2844 cadere
946 2774 1105 2864 permittit
1140 2775 1238 2862 Deus,

212 2889 449 2960 verumetiam
480 2891 637 2960 maximos
672 2901 859 2981 peccatores
889 2891 1023 2980 suscipit
1048 2900 1080 2961 et
1105 2891 1238 2976 extollit,

213 3004 325 3093 quales
344 3004 475 3074 Petrum
495 3015 528 3074 et
547 3005 693 3074 Paulum.
713 3033 727 3066 o
747 3003 829 3083 Quid
850 3007 1003 3094 estquod
1023 3006 1070 3074 sic
1085 3005 1240 3074 labuntur

214 3123 271 3214 qui
288 3121 513 3210 praeticiuntur
532 3121 710 3191 Ecclesiae?
728 3119 890 3211 Sapientia
910 3121 1050 3190 suaviter
1064 3121 1240 3210 disponens

214 3239 325 3310 omnio
342 3239 413 3307 haee
432 3238 504 3307 ideo
523 3237 598 3306 lecit
616 3247 652 3306 nt
671 3237 705 3304 in
731 3258 766 3306 se
792 3235 871 3326 ipsis
899 3235 1043 3326 praedicti
1067 3237 1239 3328 principes

212 3349 374 3418 discerent
393 3346 532 3436 qualiter
550 3345 622 3414 aliis
641 3345 797 3414 miserere
816 3345 972 3413 deberent
992 3343 1054 3434 (ll).
1080 3369 1094 3410 s

256 3461 416 3530 Sublimes
435 3458 612 3550 aliquamlo
632 3479 747 3528 sensus
766 3459 851 3546 apud
872 3457 1064 3526 Damiannm
1077 3443 1234 3542 invenias,

207 3599 348 3667 quornm
386 3576 567 3664 exemplum
606 3595 708 3643 unum
740 3574 793 3642 hic
829 3575 952 3642 referre
989 3573 1074 3642 salis·
1103 3574 1156 3642 sit.
1191 3575 1235 3642 De

206 3693 354 3762 Gabriele
382 3692 577 3781 archangelo
604 3701 635 3760 et
664 3692 789 3760 loanne
819 3689 1021 3778 Evangelista
1048 3689 1111 3757 ait:
1136 3687 1235 3769 «Qui

236 3941 275 4006 (1)
289 3941 364 3994 cmc.
378 3953 409 4004 ιι,
420 3939 506 3992 tola.
520 3967 552 3979 -
562 3939 646 3993 Serm.
662 3951 720 4005 xm,
735 3940 773 3992 De
785 3939 814 3991 S.
832 3940 955 4005 Georpio.
1028 3969 1030 3976 ι

237 4021 271 4086 (2)
286 4021 373 4074 Serm.
385 4032 422 4085 m,
435 4033 482 4086 nu,
493 4031 552 4085 nm,
564 4031 639 4072 ιω.

236 4099 274 4165 (3)
291 4101 375 4153 Serm.
388 4111 464 4174 supr,
476 4102 515 4152 Dc
528 4100 557 4150 S.
576 4099 672 4165 Vitule,
685 4105 818 4165 martyre.

235 4181 269 4246 (t)
286 4182 371 4233 Serm.
384 4192 468 4246 xxvii,
484 4181 521 4232 De
534 4179 583 4232 SS.
598 4181 692 4246 apost.
706 4180 787 4232 Petro
798 4184 825 4231 et
841 4179 941 4233 Paule.
